[{"Row ID":"4","Order ID":"US-2012-108966","Order Date":"10/11/19","Date":"10/18/19","Ship Mode":"Standard Class","Customer ID":"SO-20335","Customer":"Sean O'Donnell","Segment":"Consumer","Country":"United States","City":"Fort Lauderdale","State":"Florida","Postal Code":"33311","Region":"South","Product ID":"FUR-TA-10000577","Category":"Furniture","Sub-Category":"Tables","Product":"Bretford CR4500 Series Slim Rectangular Table","Sales":"957.5775","Quantity":"5","Discount":"45","Profit":"-383.031"},{"Row ID":"5","Order ID":"US-2012-108966","Order Date":"10/11/19","Date":"10/18/19","Ship Mode":"Standard Class","Customer ID":"SO-20335","Customer":"Sean O'Donnell","Segment":"Consumer","Country":"United States","City":"Fort Lauderdale","State":"Florida","Postal Code":"33311","Region":"South","Product ID":"OFF-ST-10000760","Category":"Office Supplies","Sub-Category":"Storage","Product":"Eldon Fold 'N Roll Cart System","Sales":"22.368","Quantity":"2","Discount":"20","Profit":"2.5164"},{"Row ID":"44","Order ID":"CA-2014-139619","Order Date":"9/20/21","Date":"9/24/21","Ship Mode":"Standard Class","Customer ID":"ES-14080","Customer":"Erin Smith","Segment":"Corporate","Country":"United States","City":"Melbourne","State":"Florida","Postal Code":"32935","Region":"South","Product ID":"OFF-ST-10003282","Category":"Office Supplies","Sub-Category":"Storage","Product":"Advantus 10-Drawer Portable Organizer, Chrome Metal Frame, Smoke Drawers","Sales":"95.616","Quantity":"2","Discount":"20","Profit":"9.5616"},{"Row ID":"232","Order ID":"US-2014-100930","Order Date":"4/8/21","Date":"4/13/21","Ship Mode":"Standard Class","Customer ID":"CS-12400","Customer":"Christopher Schild","Segment":"Office","Country":"United States","City":"Tampa","State":"Florida","Postal Code":"33614","Region":"South","Product ID":"FUR-TA-10001705","Category":"Furniture","Sub-Category":"Tables","Product":"Bush Advantage Collection Round Conference Table","Sales":"233.86","Quantity":"2","Discount":"45","Profit":"-102.048"},{"Row ID":"233","Order ID":"US-2014-100930","Order Date":"4/8/21","Date":"4/13/21","Ship Mode":"Standard Class","Customer ID":"CS-12400","Customer":"Christopher Schild","Segment":"Office","Country":"United States","City":"Tampa","State":"Florida","Postal Code":"33614","Region":"South","Product ID":"FUR-TA-10003473","Category":"Furniture","Sub-Category":"Tables","Product":"Bretford Rectangular Conference Table Tops","Sales":"620.6145","Quantity":"3","Discount":"45","Profit":"-248.2458"},{"Row ID":"234","Order ID":"US-2014-100930","Order Date":"4/8/21","Date":"4/13/21","Ship Mode":"Standard Class","Customer ID":"CS-12400","Customer":"Christopher Schild","Segment":"Office","Country":"United States","City":"Tampa","State":"Florida","Postal Code":"33614","Region":"South","Product ID":"OFF-BI-10001679","Category":"Office Supplies","Sub-Category":"Binders","Product":"GBC Instant Index System for Binding Systems","Sales":"5.328","Quantity":"2","Discount":"70","Profit":"-3.552"},{"Row ID":"235","Order ID":"US-2014-100930","Order Date":"4/8/21","Date":"4/13/21","Ship Mode":"Standard Class","Customer ID":"CS-12400","Customer":"Christopher Schild","Segment":"Office","Country":"United States","City":"Tampa","State":"Florida","Postal Code":"33614","Region":"South","Product ID":"FUR-FU-10004017","Category":"Furniture","Sub-Category":"Furnishings","Product":"Tenex Contemporary Contur Chairmats for Low and Medium Pile Carpet, Computer, 39\" x 49\"","Sales":"258.072","Quantity":"3","Discount":"20","Profit":"0"},{"Row ID":"236","Order ID":"US-2014-100930","Order Date":"4/8/21","Date":"4/13/21","Ship Mode":"Standard Class","Customer ID":"CS-12400","Customer":"Christopher Schild","Segment":"Office","Country":"United States","City":"Tampa","State":"Florida","Postal Code":"33614","Region":"South","Product ID":"TEC-AC-10003832","Category":"Technology","Sub-Category":"Accessories","Product":"Logitech P710e Mobile Speakerphone","Sales":"617.976","Quantity":"3","Discount":"20","Profit":"-7.7247"},{"Row ID":"287","Order ID":"CA-2013-112697","Order Date":"12/19/20","Date":"12/21/20","Ship Mode":"Second Class","Customer ID":"AH-10195","Customer":"Alan Haines","Segment":"Corporate","Country":"United States","City":"Tamarac","State":"Florida","Postal Code":"33319","Region":"South","Product ID":"OFF-BI-10000778","Category":"Office Supplies","Sub-Category":"Binders","Product":"GBC VeloBinder Electric Binding Machine","Sales":"254.058","Quantity":"7","Discount":"70","Profit":"-169.372"},{"Row ID":"288","Order ID":"CA-2013-112697","Order Date":"12/19/20","Date":"12/21/20","Ship Mode":"Second Class","Customer ID":"AH-10195","Customer":"Alan Haines","Segment":"Corporate","Country":"United States","City":"Tamarac","State":"Florida","Postal Code":"33319","Region":"South","Product ID":"OFF-AP-10002684","Category":"Office Supplies","Sub-Category":"Appliances","Product":"Acco 7-Outlet Masterpiece Power Center, Wihtout Fax/Phone Line Protection","Sales":"194.528","Quantity":"2","Discount":"20","Profit":"24.316"},{"Row ID":"289","Order ID":"CA-2013-112697","Order Date":"12/19/20","Date":"12/21/20","Ship Mode":"Second Class","Customer ID":"AH-10195","Customer":"Alan Haines","Segment":"Corporate","Country":"United States","City":"Tamarac","State":"Florida","Postal Code":"33319","Region":"South","Product ID":"OFF-SU-10000646","Category":"Office Supplies","Sub-Category":"Supplies","Product":"Premier Automatic Letter Opener","Sales":"961.48","Quantity":"5","Discount":"20","Profit":"-204.3145"},{"Row ID":"315","Order ID":"CA-2011-167850","Order Date":"8/9/18","Date":"8/16/18","Ship Mode":"Standard Class","Customer ID":"AG-10525","Customer":"Andy Gerbode","Segment":"Corporate","Country":"United States","City":"Saint Petersburg","State":"Florida","Postal Code":"33710","Region":"South","Product ID":"TEC-PH-10002398","Category":"Technology","Sub-Category":"Phones","Product":"AT&T 1070 Corded Phone","Sales":"178.384","Quantity":"2","Discount":"20","Profit":"22.298"},{"Row ID":"316","Order ID":"CA-2011-167850","Order Date":"8/9/18","Date":"8/16/18","Ship Mode":"Standard Class","Customer ID":"AG-10525","Customer":"Andy Gerbode","Segment":"Corporate","Country":"United States","City":"Saint Petersburg","State":"Florida","Postal Code":"33710","Region":"South","Product ID":"OFF-PA-10001937","Category":"Office Supplies","Sub-Category":"Paper","Product":"Xerox 21","Sales":"15.552","Quantity":"3","Discount":"20","Profit":"5.4432"},{"Row ID":"385","Order ID":"US-2012-168935","Order Date":"11/27/19","Date":"12/2/19","Ship Mode":"Standard Class","Customer ID":"DO-13435","Customer":"Denny Ordway","Segment":"Consumer","Country":"United States","City":"Pembroke Pines","State":"Florida","Postal Code":"33024","Region":"South","Product ID":"FUR-TA-10000617","Category":"Furniture","Sub-Category":"Tables","Product":"Hon Practical Foundations 30 x 60 Training Table, Light Gray/Charcoal","Sales":"375.4575","Quantity":"3","Discount":"45","Profit":"-157.0095"},{"Row ID":"386","Order ID":"US-2012-168935","Order Date":"11/27/19","Date":"12/2/19","Ship Mode":"Standard Class","Customer ID":"DO-13435","Customer":"Denny Ordway","Segment":"Consumer","Country":"United States","City":"Pembroke Pines","State":"Florida","Postal Code":"33024","Region":"South","Product ID":"TEC-AC-10002335","Category":"Technology","Sub-Category":"Accessories","Product":"Logitech Media Keyboard K200","Sales":"83.976","Quantity":"3","Discount":"20","Profit":"-1.0497"},{"Row ID":"403","Order ID":"CA-2011-113166","Order Date":"12/24/18","Date":"12/26/18","Ship Mode":"First Class","Customer ID":"LF-17185","Customer":"Luke Foster","Segment":"Consumer","Country":"United States","City":"Miami","State":"Florida","Postal Code":"33180","Region":"South","Product ID":"OFF-PA-10001947","Category":"Office Supplies","Sub-Category":"Paper","Product":"Xerox 1974","Sales":"9.568","Quantity":"2","Discount":"20","Profit":"3.4684"},{"Row ID":"435","Order ID":"US-2011-150574","Order Date":"12/19/18","Date":"12/25/18","Ship Mode":"Standard Class","Customer ID":"MK-18160","Customer":"Mike Kennedy","Segment":"Consumer","Country":"United States","City":"Jacksonville","State":"Florida","Postal Code":"32216","Region":"South","Product ID":"OFF-BI-10000773","Category":"Office Supplies","Sub-Category":"Binders","Product":"Insertable Tab Post Binder Dividers","Sales":"4.812","Quantity":"2","Discount":"70","Profit":"-3.6892"},{"Row ID":"436","Order ID":"US-2011-150574","Order Date":"12/19/18","Date":"12/25/18","Ship Mode":"Standard Class","Customer ID":"MK-18160","Customer":"Mike Kennedy","Segment":"Consumer","Country":"United States","City":"Jacksonville","State":"Florida","Postal Code":"32216","Region":"South","Product ID":"TEC-AC-10002600","Category":"Technology","Sub-Category":"Accessories","Product":"Belkin QODE FastFit Bluetooth Keyboard","Sales":"247.8","Quantity":"5","Discount":"20","Profit":"-18.585"},{"Row ID":"527","Order ID":"CA-2014-113558","Order Date":"10/22/21","Date":"10/27/21","Ship Mode":"Standard Class","Customer ID":"PH-18790","Customer":"Patricia Hirasaki","Segment":"Office","Country":"United States","City":"Lakeland","State":"Florida","Postal Code":"33801","Region":"South","Product ID":"FUR-CH-10003379","Category":"Furniture","Sub-Category":"Chairs","Product":"Global Commerce Series High-Back Swivel/Tilt Chairs","Sales":"683.952","Quantity":"3","Discount":"20","Profit":"42.747"},{"Row ID":"528","Order ID":"CA-2014-113558","Order Date":"10/22/21","Date":"10/27/21","Ship Mode":"Standard Class","Customer ID":"PH-18790","Customer":"Patricia Hirasaki","Segment":"Office","Country":"United States","City":"Lakeland","State":"Florida","Postal Code":"33801","Region":"South","Product ID":"FUR-FU-10001756","Category":"Furniture","Sub-Category":"Furnishings","Product":"Eldon Expressions Desk Accessory, Wood Photo Frame, Mahogany","Sales":"45.696","Quantity":"3","Discount":"20","Profit":"5.1408"},{"Row ID":"553","Order ID":"CA-2014-112774","Order Date":"9/12/21","Date":"9/13/21","Ship Mode":"First Class","Customer ID":"RC-19960","Customer":"Ryan Crowe","Segment":"Consumer","Country":"United States","City":"Jacksonville","State":"Florida","Postal Code":"32216","Region":"South","Product ID":"FUR-FU-10003039","Category":"Furniture","Sub-Category":"Furnishings","Product":"Howard Miller 11-1/2\" Diameter Grantwood Wall Clock","Sales":"34.504","Quantity":"1","Discount":"20","Profit":"6.0382"},{"Row ID":"562","Order ID":"CA-2011-145576","Order Date":"9/14/18","Date":"9/18/18","Ship Mode":"Second Class","Customer ID":"CA-12775","Customer":"Cynthia Arntzen","Segment":"Consumer","Country":"United States","City":"Tampa","State":"Florida","Postal Code":"33614","Region":"South","Product ID":"OFF-AP-10003914","Category":"Office Supplies","Sub-Category":"Appliances","Product":"Sanitaire Vibra Groomer IR Commercial Upright Vacuum, Replacement Belts","Sales":"13","Quantity":"5","Discount":"20","Profit":"1.3"},{"Row ID":"563","Order ID":"CA-2011-145576","Order Date":"9/14/18","Date":"9/18/18","Ship Mode":"Second Class","Customer ID":"CA-12775","Customer":"Cynthia Arntzen","Segment":"Consumer","Country":"United States","City":"Tampa","State":"Florida","Postal Code":"33614","Region":"South","Product ID":"FUR-FU-10004020","Category":"Furniture","Sub-Category":"Furnishings","Product":"Advantus Panel Wall Acrylic Frame","Sales":"13.128","Quantity":"3","Discount":"20","Profit":"3.7743"},{"Row ID":"603","Order ID":"CA-2011-149958","Order Date":"3/15/18","Date":"3/19/18","Ship Mode":"Standard Class","Customer ID":"AS-10240","Customer":"Alan Shonely","Segment":"Consumer","Country":"United States","City":"Tampa","State":"Florida","Postal Code":"33614","Region":"South","Product ID":"OFF-ST-10001490","Category":"Office Supplies","Sub-Category":"Storage","Product":"Hot File 7-Pocket, Floor Stand","Sales":"142.776","Quantity":"1","Discount":"20","Profit":"17.847"},{"Row ID":"604","Order ID":"CA-2011-149958","Order Date":"3/15/18","Date":"3/19/18","Ship Mode":"Standard Class","Customer ID":"AS-10240","Customer":"Alan Shonely","Segment":"Consumer","Country":"United States","City":"Tampa","State":"Florida","Postal Code":"33614","Region":"South","Product ID":"FUR-FU-10001756","Category":"Furniture","Sub-Category":"Furnishings","Product":"Eldon Expressions Desk Accessory, Wood Photo Frame, Mahogany","Sales":"45.696","Quantity":"3","Discount":"20","Profit":"5.1408"},{"Row ID":"605","Order ID":"CA-2011-149958","Order Date":"3/15/18","Date":"3/19/18","Ship Mode":"Standard Class","Customer ID":"AS-10240","Customer":"Alan Shonely","Segment":"Consumer","Country":"United States","City":"Tampa","State":"Florida","Postal Code":"33614","Region":"South","Product ID":"OFF-BI-10000773","Category":"Office Supplies","Sub-Category":"Binders","Product":"Insertable Tab Post Binder Dividers","Sales":"7.218","Quantity":"3","Discount":"70","Profit":"-5.5338"},{"Row ID":"606","Order ID":"CA-2011-149958","Order Date":"3/15/18","Date":"3/19/18","Ship Mode":"Standard Class","Customer ID":"AS-10240","Customer":"Alan Shonely","Segment":"Consumer","Country":"United States","City":"Tampa","State":"Florida","Postal Code":"33614","Region":"South","Product ID":"OFF-BI-10001543","Category":"Office Supplies","Sub-Category":"Binders","Product":"GBC VeloBinder Manual Binding System","Sales":"43.188","Quantity":"4","Discount":"70","Profit":"-31.6712"},{"Row ID":"607","Order ID":"CA-2011-149958","Order Date":"3/15/18","Date":"3/19/18","Ship Mode":"Standard Class","Customer ID":"AS-10240","Customer":"Alan Shonely","Segment":"Consumer","Country":"United States","City":"Tampa","State":"Florida","Postal Code":"33614","Region":"South","Product ID":"OFF-PA-10002120","Category":"Office Supplies","Sub-Category":"Paper","Product":"Xerox 1889","Sales":"131.904","Quantity":"3","Discount":"20","Profit":"47.8152"},{"Row ID":"634","Order ID":"CA-2014-144694","Order Date":"9/25/21","Date":"9/27/21","Ship Mode":"Second Class","Customer ID":"BD-11605","Customer":"Brian Dahlen","Segment":"Consumer","Country":"United States","City":"Miami","State":"Florida","Postal Code":"33180","Region":"South","Product ID":"TEC-AC-10002857","Category":"Technology","Sub-Category":"Accessories","Product":"Verbatim 25 GB 6x Blu-ray Single Layer Recordable Disc, 1/Pack","Sales":"17.88","Quantity":"3","Discount":"20","Profit":"2.4585"},{"Row ID":"635","Order ID":"CA-2014-144694","Order Date":"9/25/21","Date":"9/27/21","Ship Mode":"Second Class","Customer ID":"BD-11605","Customer":"Brian Dahlen","Segment":"Consumer","Country":"United States","City":"Miami","State":"Florida","Postal Code":"33180","Region":"South","Product ID":"OFF-LA-10003930","Category":"Office Supplies","Sub-Category":"Labels","Product":"Dot Matrix Printer Tape Reel Labels, White, 5000/Box","Sales":"235.944","Quantity":"3","Discount":"20","Profit":"85.5297"},{"Row ID":"712","Order ID":"CA-2014-146136","Order Date":"9/4/21","Date":"9/8/21","Ship Mode":"Standard Class","Customer ID":"AP-10915","Customer":"Arthur Prichep","Segment":"Consumer","Country":"United States","City":"Palm Coast","State":"Florida","Postal Code":"32137","Region":"South","Product ID":"OFF-EN-10001219","Category":"Office Supplies","Sub-Category":"Envelopes","Product":"#10- 4 1/8\" x 9 1/2\" Security-Tint Envelopes","Sales":"24.448","Quantity":"4","Discount":"20","Profit":"8.8624"},{"Row ID":"725","Order ID":"CA-2013-114713","Order Date":"7/8/20","Date":"7/13/20","Ship Mode":"Standard Class","Customer ID":"SC-20695","Customer":"Steve Chapman","Segment":"Corporate","Country":"United States","City":"Hialeah","State":"Florida","Postal Code":"33012","Region":"South","Product ID":"OFF-SU-10004664","Category":"Office Supplies","Sub-Category":"Supplies","Product":"Acme Softgrip Scissors","Sales":"45.584","Quantity":"7","Discount":"20","Profit":"5.1282"},{"Row ID":"756","Order ID":"CA-2013-140928","Order Date":"9/19/20","Date":"9/23/20","Ship Mode":"Standard Class","Customer ID":"NB-18655","Customer":"Nona Balk","Segment":"Corporate","Country":"United States","City":"Jacksonville","State":"Florida","Postal Code":"32216","Region":"South","Product ID":"FUR-TA-10001095","Category":"Furniture","Sub-Category":"Tables","Product":"Chromcraft Round Conference Tables","Sales":"383.438","Quantity":"4","Discount":"45","Profit":"-167.3184"},{"Row ID":"769","Order ID":"CA-2011-106810","Order Date":"5/14/18","Date":"5/20/18","Ship Mode":"Standard Class","Customer ID":"AJ-10795","Customer":"Anthony Johnson","Segment":"Corporate","Country":"United States","City":"Saint Petersburg","State":"Florida","Postal Code":"33710","Region":"South","Product ID":"FUR-FU-10004306","Category":"Furniture","Sub-Category":"Furnishings","Product":"Electrix Halogen Magnifier Lamp","Sales":"310.88","Quantity":"2","Discount":"20","Profit":"23.316"},{"Row ID":"834","Order ID":"CA-2013-165316","Order Date":"7/24/20","Date":"7/28/20","Ship Mode":"Standard Class","Customer ID":"JB-15400","Customer":"Jennifer Braxton","Segment":"Corporate","Country":"United States","City":"Tampa","State":"Florida","Postal Code":"33614","Region":"South","Product ID":"OFF-AR-10002956","Category":"Office Supplies","Sub-Category":"Art","Product":"Boston 16801 Nautilus Battery Pencil Sharpener","Sales":"35.216","Quantity":"2","Discount":"20","Profit":"2.6412"},{"Row ID":"835","Order ID":"CA-2013-165316","Order Date":"7/24/20","Date":"7/28/20","Ship Mode":"Standard Class","Customer ID":"JB-15400","Customer":"Jennifer Braxton","Segment":"Corporate","Country":"United States","City":"Tampa","State":"Florida","Postal Code":"33614","Region":"South","Product ID":"OFF-AP-10003266","Category":"Office Supplies","Sub-Category":"Appliances","Product":"Holmes Replacement Filter for HEPA Air Cleaner, Large Room","Sales":"23.696","Quantity":"2","Discount":"20","Profit":"6.5164"},{"Row ID":"836","Order ID":"CA-2013-165316","Order Date":"7/24/20","Date":"7/28/20","Ship Mode":"Standard Class","Customer ID":"JB-15400","Customer":"Jennifer Braxton","Segment":"Corporate","Country":"United States","City":"Tampa","State":"Florida","Postal Code":"33614","Region":"South","Product ID":"TEC-MA-10004002","Category":"Technology","Sub-Category":"Machines","Product":"Zebra GX420t Direct Thermal/Thermal Transfer Printer","Sales":"265.475","Quantity":"1","Discount":"50","Profit":"-111.4995"},{"Row ID":"863","Order ID":"CA-2013-134474","Order Date":"1/5/20","Date":"1/7/20","Ship Mode":"Second Class","Customer ID":"AJ-10795","Customer":"Anthony Johnson","Segment":"Corporate","Country":"United States","City":"Jacksonville","State":"Florida","Postal Code":"32216","Region":"South","Product ID":"TEC-AC-10001714","Category":"Technology","Sub-Category":"Accessories","Product":"Logitech MX Performance Wireless Mouse","Sales":"191.472","Quantity":"6","Discount":"20","Profit":"40.6878"},{"Row ID":"864","Order ID":"CA-2013-134474","Order Date":"1/5/20","Date":"1/7/20","Ship Mode":"Second Class","Customer ID":"AJ-10795","Customer":"Anthony Johnson","Segment":"Corporate","Country":"United States","City":"Jacksonville","State":"Florida","Postal Code":"32216","Region":"South","Product ID":"OFF-AR-10003958","Category":"Office Supplies","Sub-Category":"Art","Product":"Newell 337","Sales":"5.248","Quantity":"2","Discount":"20","Profit":"0.5904"},{"Row ID":"865","Order ID":"CA-2013-134474","Order Date":"1/5/20","Date":"1/7/20","Ship Mode":"Second Class","Customer ID":"AJ-10795","Customer":"Anthony Johnson","Segment":"Corporate","Country":"United States","City":"Jacksonville","State":"Florida","Postal Code":"32216","Region":"South","Product ID":"TEC-PH-10002923","Category":"Technology","Sub-Category":"Phones","Product":"Logitech B530 USB Headset - headset - Full size, Binaural","Sales":"59.184","Quantity":"2","Discount":"20","Profit":"5.1786"},{"Row ID":"964","Order ID":"CA-2011-127488","Order Date":"9/22/18","Date":"9/24/18","Ship Mode":"Second Class","Customer ID":"MS-17365","Customer":"Maribeth Schnelling","Segment":"Consumer","Country":"United States","City":"Boca Raton","State":"Florida","Postal Code":"33433","Region":"South","Product ID":"OFF-LA-10001613","Category":"Office Supplies","Sub-Category":"Labels","Product":"Avery File Folder Labels","Sales":"4.608","Quantity":"2","Discount":"20","Profit":"1.6704"},{"Row ID":"991","Order ID":"CA-2012-153549","Order Date":"3/29/19","Date":"3/31/19","Ship Mode":"Second Class","Customer ID":"SL-20155","Customer":"Sara Luxemburg","Segment":"Office","Country":"United States","City":"Jacksonville","State":"Florida","Postal Code":"32216","Region":"South","Product ID":"FUR-CH-10004086","Category":"Furniture","Sub-Category":"Chairs","Product":"Hon 4070 Series Pagoda Armless Upholstered Stacking Chairs","Sales":"1166.92","Quantity":"5","Discount":"20","Profit":"131.2785"},{"Row ID":"1047","Order ID":"CA-2013-169103","Order Date":"3/9/20","Date":"3/14/20","Ship Mode":"Standard Class","Customer ID":"ZC-21910","Customer":"Zuschuss Carroll","Segment":"Consumer","Country":"United States","City":"Miami","State":"Florida","Postal Code":"33142","Region":"South","Product ID":"TEC-PH-10001530","Category":"Technology","Sub-Category":"Phones","Product":"Cisco Unified IP Phone 7945G VoIP phone","Sales":"1363.96","Quantity":"5","Discount":"20","Profit":"85.2475"},{"Row ID":"1048","Order ID":"CA-2013-169103","Order Date":"3/9/20","Date":"3/14/20","Ship Mode":"Standard Class","Customer ID":"ZC-21910","Customer":"Zuschuss Carroll","Segment":"Consumer","Country":"United States","City":"Miami","State":"Florida","Postal Code":"33142","Region":"South","Product ID":"FUR-FU-10004006","Category":"Furniture","Sub-Category":"Furnishings","Product":"Deflect-o DuraMat Lighweight, Studded, Beveled Mat for Low Pile Carpeting","Sales":"102.36","Quantity":"3","Discount":"20","Profit":"-3.8385"},{"Row ID":"1136","Order ID":"US-2013-148803","Order Date":"12/12/20","Date":"12/12/20","Ship Mode":"Same Day","Customer ID":"LR-16915","Customer":"Lena Radford","Segment":"Consumer","Country":"United States","City":"Homestead","State":"Florida","Postal Code":"33030","Region":"South","Product ID":"OFF-ST-10001476","Category":"Office Supplies","Sub-Category":"Storage","Product":"Steel Personal Filing/Posting Tote","Sales":"85.224","Quantity":"3","Discount":"20","Profit":"7.4571"},{"Row ID":"1194","Order ID":"US-2012-130519","Order Date":"9/15/19","Date":"9/15/19","Ship Mode":"Same Day","Customer ID":"NG-18355","Customer":"Nat Gilpin","Segment":"Corporate","Country":"United States","City":"Coral Springs","State":"Florida","Postal Code":"33065","Region":"South","Product ID":"OFF-PA-10001937","Category":"Office Supplies","Sub-Category":"Paper","Product":"Xerox 21","Sales":"15.552","Quantity":"3","Discount":"20","Profit":"5.4432"},{"Row ID":"1195","Order ID":"US-2012-130519","Order Date":"9/15/19","Date":"9/15/19","Ship Mode":"Same Day","Customer ID":"NG-18355","Customer":"Nat Gilpin","Segment":"Corporate","Country":"United States","City":"Coral Springs","State":"Florida","Postal Code":"33065","Region":"South","Product ID":"FUR-FU-10002268","Category":"Furniture","Sub-Category":"Furnishings","Product":"Ultra Door Push Plate","Sales":"15.712","Quantity":"4","Discount":"20","Profit":"2.5532"},{"Row ID":"1196","Order ID":"US-2012-130519","Order Date":"9/15/19","Date":"9/15/19","Ship Mode":"Same Day","Customer ID":"NG-18355","Customer":"Nat Gilpin","Segment":"Corporate","Country":"United States","City":"Coral Springs","State":"Florida","Postal Code":"33065","Region":"South","Product ID":"OFF-ST-10001321","Category":"Office Supplies","Sub-Category":"Storage","Product":"Decoflex Hanging Personal Folder File, Blue","Sales":"24.672","Quantity":"2","Discount":"20","Profit":"2.1588"},{"Row ID":"1197","Order ID":"US-2012-130519","Order Date":"9/15/19","Date":"9/15/19","Ship Mode":"Same Day","Customer ID":"NG-18355","Customer":"Nat Gilpin","Segment":"Corporate","Country":"United States","City":"Coral Springs","State":"Florida","Postal Code":"33065","Region":"South","Product ID":"FUR-FU-10003394","Category":"Furniture","Sub-Category":"Furnishings","Product":"Tenex \"The Solids\" Textured Chair Mats","Sales":"55.968","Quantity":"1","Discount":"20","Profit":"-2.0988"},{"Row ID":"1235","Order ID":"CA-2013-144344","Order Date":"10/29/20","Date":"10/29/20","Ship Mode":"Same Day","Customer ID":"PG-18820","Customer":"Patrick Gardner","Segment":"Consumer","Country":"United States","City":"Boynton Beach","State":"Florida","Postal Code":"33437","Region":"South","Product ID":"FUR-FU-10000076","Category":"Furniture","Sub-Category":"Furnishings","Product":"24-Hour Round Wall Clock","Sales":"47.952","Quantity":"3","Discount":"20","Profit":"13.7862"},{"Row ID":"1236","Order ID":"CA-2013-144344","Order Date":"10/29/20","Date":"10/29/20","Ship Mode":"Same Day","Customer ID":"PG-18820","Customer":"Patrick Gardner","Segment":"Consumer","Country":"United States","City":"Boynton Beach","State":"Florida","Postal Code":"33437","Region":"South","Product ID":"OFF-BI-10003719","Category":"Office Supplies","Sub-Category":"Binders","Product":"Large Capacity Hanging Post Binders","Sales":"37.425","Quantity":"5","Discount":"70","Profit":"-29.94"},{"Row ID":"1237","Order ID":"CA-2013-144344","Order Date":"10/29/20","Date":"10/29/20","Ship Mode":"Same Day","Customer ID":"PG-18820","Customer":"Patrick Gardner","Segment":"Consumer","Country":"United States","City":"Boynton Beach","State":"Florida","Postal Code":"33437","Region":"South","Product ID":"FUR-FU-10003268","Category":"Furniture","Sub-Category":"Furnishings","Product":"Eldon Radial Chair Mat for Low to Medium Pile Carpets","Sales":"63.968","Quantity":"2","Discount":"20","Profit":"0"},{"Row ID":"1238","Order ID":"CA-2013-144344","Order Date":"10/29/20","Date":"10/29/20","Ship Mode":"Same Day","Customer ID":"PG-18820","Customer":"Patrick Gardner","Segment":"Consumer","Country":"United States","City":"Boynton Beach","State":"Florida","Postal Code":"33437","Region":"South","Product ID":"FUR-FU-10003553","Category":"Furniture","Sub-Category":"Furnishings","Product":"Howard Miller 13-1/2\" Diameter Rosebrook Wall Clock","Sales":"165.048","Quantity":"3","Discount":"20","Profit":"41.262"},{"Row ID":"1261","Order ID":"CA-2014-117079","Order Date":"10/24/21","Date":"10/28/21","Ship Mode":"Standard Class","Customer ID":"JR-15700","Customer":"Jocasta Rupert","Segment":"Consumer","Country":"United States","City":"Jacksonville","State":"Florida","Postal Code":"32216","Region":"South","Product ID":"TEC-PH-10004586","Category":"Technology","Sub-Category":"Phones","Product":"Wilson SignalBoost 841262 DB PRO Amplifier Kit","Sales":"863.88","Quantity":"3","Discount":"20","Profit":"107.985"},{"Row ID":"1282","Order ID":"CA-2014-122154","Order Date":"4/10/21","Date":"4/12/21","Ship Mode":"First Class","Customer ID":"SA-20830","Customer":"Sue Ann Reed","Segment":"Consumer","Country":"United States","City":"Jacksonville","State":"Florida","Postal Code":"32216","Region":"South","Product ID":"OFF-LA-10000121","Category":"Office Supplies","Sub-Category":"Labels","Product":"Avery 48","Sales":"15.12","Quantity":"3","Discount":"20","Profit":"4.914"},{"Row ID":"1283","Order ID":"CA-2014-122154","Order Date":"4/10/21","Date":"4/12/21","Ship Mode":"First Class","Customer ID":"SA-20830","Customer":"Sue Ann Reed","Segment":"Consumer","Country":"United States","City":"Jacksonville","State":"Florida","Postal Code":"32216","Region":"South","Product ID":"OFF-BI-10002026","Category":"Office Supplies","Sub-Category":"Binders","Product":"Avery Arch Ring Binders","Sales":"17.43","Quantity":"1","Discount":"70","Profit":"-13.363"},{"Row ID":"1284","Order ID":"CA-2014-122154","Order Date":"4/10/21","Date":"4/12/21","Ship Mode":"First Class","Customer ID":"SA-20830","Customer":"Sue Ann Reed","Segment":"Consumer","Country":"United States","City":"Jacksonville","State":"Florida","Postal Code":"32216","Region":"South","Product ID":"OFF-PA-10000994","Category":"Office Supplies","Sub-Category":"Paper","Product":"Xerox 1915","Sales":"251.64","Quantity":"3","Discount":"20","Profit":"88.074"},{"Row ID":"1319","Order ID":"CA-2011-160773","Order Date":"7/1/18","Date":"7/5/18","Ship Mode":"Standard Class","Customer ID":"LW-16825","Customer":"Laurel Workman","Segment":"Corporate","Country":"United States","City":"Deltona","State":"Florida","Postal Code":"32725","Region":"South","Product ID":"TEC-PH-10004586","Category":"Technology","Sub-Category":"Phones","Product":"Wilson SignalBoost 841262 DB PRO Amplifier Kit","Sales":"575.92","Quantity":"2","Discount":"20","Profit":"71.99"},{"Row ID":"1320","Order ID":"CA-2011-160773","Order Date":"7/1/18","Date":"7/5/18","Ship Mode":"Standard Class","Customer ID":"LW-16825","Customer":"Laurel Workman","Segment":"Corporate","Country":"United States","City":"Deltona","State":"Florida","Postal Code":"32725","Region":"South","Product ID":"OFF-BI-10000546","Category":"Office Supplies","Sub-Category":"Binders","Product":"Avery Durable Binders","Sales":"5.184","Quantity":"6","Discount":"70","Profit":"-3.6288"},{"Row ID":"1468","Order ID":"CA-2012-100769","Order Date":"5/16/19","Date":"5/16/19","Ship Mode":"Same Day","Customer ID":"TH-21550","Customer":"Tracy Hopkins","Segment":"Office","Country":"United States","City":"Jacksonville","State":"Florida","Postal Code":"32216","Region":"South","Product ID":"TEC-AC-10002402","Category":"Technology","Sub-Category":"Accessories","Product":"Razer Kraken PRO Over Ear PC and Music Headset","Sales":"255.968","Quantity":"4","Discount":"20","Profit":"31.996"},{"Row ID":"1531","Order ID":"CA-2012-103793","Order Date":"3/26/19","Date":"3/31/19","Ship Mode":"Standard Class","Customer ID":"BV-11245","Customer":"Benjamin Venier","Segment":"Corporate","Country":"United States","City":"Miami","State":"Florida","Postal Code":"33142","Region":"South","Product ID":"OFF-PA-10001125","Category":"Office Supplies","Sub-Category":"Paper","Product":"Xerox 1988","Sales":"74.352","Quantity":"3","Discount":"20","Profit":"23.235"},{"Row ID":"1880","Order ID":"US-2014-166611","Order Date":"3/29/21","Date":"4/3/21","Ship Mode":"Standard Class","Customer ID":"CK-12760","Customer":"Cyma Kinney","Segment":"Corporate","Country":"United States","City":"Jacksonville","State":"Florida","Postal Code":"32216","Region":"South","Product ID":"OFF-BI-10001191","Category":"Office Supplies","Sub-Category":"Binders","Product":"Canvas Sectional Post Binders","Sales":"68.742","Quantity":"9","Discount":"70","Profit":"-48.1194"},{"Row ID":"1887","Order ID":"CA-2011-140165","Order Date":"5/13/18","Date":"5/15/18","Ship Mode":"First Class","Customer ID":"EH-14005","Customer":"Erica Hernandez","Segment":"Office","Country":"United States","City":"Hialeah","State":"Florida","Postal Code":"33012","Region":"South","Product ID":"OFF-FA-10002815","Category":"Office Supplies","Sub-Category":"Fasteners","Product":"Staples","Sales":"7.104","Quantity":"2","Discount":"20","Profit":"2.3976"},{"Row ID":"1888","Order ID":"CA-2011-140165","Order Date":"5/13/18","Date":"5/15/18","Ship Mode":"First Class","Customer ID":"EH-14005","Customer":"Erica Hernandez","Segment":"Office","Country":"United States","City":"Hialeah","State":"Florida","Postal Code":"33012","Region":"South","Product ID":"OFF-BI-10004519","Category":"Office Supplies","Sub-Category":"Binders","Product":"GBC DocuBind P100 Manual Binding Machine","Sales":"398.352","Quantity":"8","Discount":"70","Profit":"-331.96"},{"Row ID":"1893","Order ID":"CA-2014-145310","Order Date":"12/23/21","Date":"12/25/21","Ship Mode":"Second Class","Customer ID":"JP-15520","Customer":"Jeremy Pistek","Segment":"Consumer","Country":"United States","City":"Port Orange","State":"Florida","Postal Code":"32127","Region":"South","Product ID":"OFF-EN-10002621","Category":"Office Supplies","Sub-Category":"Envelopes","Product":"Staples","Sales":"7.824","Quantity":"1","Discount":"20","Profit":"2.934"},{"Row ID":"1898","Order ID":"CA-2011-169775","Order Date":"8/29/18","Date":"9/2/18","Ship Mode":"Second Class","Customer ID":"RA-19945","Customer":"Ryan Akin","Segment":"Consumer","Country":"United States","City":"Miami","State":"Florida","Postal Code":"33178","Region":"South","Product ID":"OFF-EN-10001749","Category":"Office Supplies","Sub-Category":"Envelopes","Product":"Jiffy Padded Mailers with Self-Seal Closure","Sales":"29.808","Quantity":"2","Discount":"20","Profit":"10.8054"},{"Row ID":"1899","Order ID":"CA-2011-169775","Order Date":"8/29/18","Date":"9/2/18","Ship Mode":"Second Class","Customer ID":"RA-19945","Customer":"Ryan Akin","Segment":"Consumer","Country":"United States","City":"Miami","State":"Florida","Postal Code":"33178","Region":"South","Product ID":"OFF-BI-10004390","Category":"Office Supplies","Sub-Category":"Binders","Product":"GBC DocuBind 200 Manual Binding Machine","Sales":"505.176","Quantity":"4","Discount":"70","Profit":"-336.784"},{"Row ID":"1900","Order ID":"CA-2011-169775","Order Date":"8/29/18","Date":"9/2/18","Ship Mode":"Second Class","Customer ID":"RA-19945","Customer":"Ryan Akin","Segment":"Consumer","Country":"United States","City":"Miami","State":"Florida","Postal Code":"33178","Region":"South","Product ID":"FUR-TA-10001857","Category":"Furniture","Sub-Category":"Tables","Product":"Balt Solid Wood Rectangular Table","Sales":"174.0585","Quantity":"3","Discount":"45","Profit":"-110.7645"},{"Row ID":"1907","Order ID":"US-2013-150567","Order Date":"5/18/20","Date":"5/22/20","Ship Mode":"Standard Class","Customer ID":"RP-19855","Customer":"Roy Phan","Segment":"Corporate","Country":"United States","City":"Apopka","State":"Florida","Postal Code":"32712","Region":"South","Product ID":"OFF-BI-10001757","Category":"Office Supplies","Sub-Category":"Binders","Product":"Pressboard Hanging Data Binders for Unburst Sheets","Sales":"2.952","Quantity":"2","Discount":"70","Profit":"-2.1648"},{"Row ID":"1908","Order ID":"US-2013-150567","Order Date":"5/18/20","Date":"5/22/20","Ship Mode":"Standard Class","Customer ID":"RP-19855","Customer":"Roy Phan","Segment":"Corporate","Country":"United States","City":"Apopka","State":"Florida","Postal Code":"32712","Region":"South","Product ID":"OFF-BI-10000069","Category":"Office Supplies","Sub-Category":"Binders","Product":"GBC Prepunched Paper, 19-Hole, for Binding Systems, 24-lb","Sales":"27.018","Quantity":"6","Discount":"70","Profit":"-21.6144"},{"Row ID":"1915","Order ID":"CA-2014-124597","Order Date":"5/1/21","Date":"5/6/21","Ship Mode":"Standard Class","Customer ID":"AS-10630","Customer":"Ann Steele","Segment":"Office","Country":"United States","City":"Boynton Beach","State":"Florida","Postal Code":"33437","Region":"South","Product ID":"OFF-LA-10003190","Category":"Office Supplies","Sub-Category":"Labels","Product":"Avery 474","Sales":"4.608","Quantity":"2","Discount":"20","Profit":"1.6704"},{"Row ID":"1916","Order ID":"CA-2014-124597","Order Date":"5/1/21","Date":"5/6/21","Ship Mode":"Standard Class","Customer ID":"AS-10630","Customer":"Ann Steele","Segment":"Office","Country":"United States","City":"Boynton Beach","State":"Florida","Postal Code":"33437","Region":"South","Product ID":"OFF-AR-10002280","Category":"Office Supplies","Sub-Category":"Art","Product":"Staples","Sales":"15.528","Quantity":"3","Discount":"20","Profit":"4.8525"},{"Row ID":"1917","Order ID":"CA-2014-124597","Order Date":"5/1/21","Date":"5/6/21","Ship Mode":"Standard Class","Customer ID":"AS-10630","Customer":"Ann Steele","Segment":"Office","Country":"United States","City":"Boynton Beach","State":"Florida","Postal Code":"33437","Region":"South","Product ID":"OFF-LA-10001569","Category":"Office Supplies","Sub-Category":"Labels","Product":"Avery 499","Sales":"11.952","Quantity":"3","Discount":"20","Profit":"3.8844"},{"Row ID":"2106","Order ID":"US-2011-167633","Order Date":"9/30/18","Date":"10/5/18","Ship Mode":"Standard Class","Customer ID":"BW-11200","Customer":"Ben Wallace","Segment":"Consumer","Country":"United States","City":"Boynton Beach","State":"Florida","Postal Code":"33437","Region":"South","Product ID":"OFF-PA-10004888","Category":"Office Supplies","Sub-Category":"Paper","Product":"Xerox 217","Sales":"15.552","Quantity":"3","Discount":"20","Profit":"5.4432"},{"Row ID":"2121","Order ID":"US-2014-168690","Order Date":"1/8/21","Date":"1/14/21","Ship Mode":"Standard Class","Customer ID":"TS-21085","Customer":"Thais Sissman","Segment":"Consumer","Country":"United States","City":"Ormond Beach","State":"Florida","Postal Code":"32174","Region":"South","Product ID":"OFF-BI-10000145","Category":"Office Supplies","Sub-Category":"Binders","Product":"Zipper Ring Binder Pockets","Sales":"2.808","Quantity":"3","Discount":"70","Profit":"-1.9656"},{"Row ID":"2159","Order ID":"CA-2014-148166","Order Date":"10/22/21","Date":"10/27/21","Ship Mode":"Standard Class","Customer ID":"NK-18490","Customer":"Neil Knudson","Segment":"Office","Country":"United States","City":"Deltona","State":"Florida","Postal Code":"32725","Region":"South","Product ID":"OFF-AR-10004956","Category":"Office Supplies","Sub-Category":"Art","Product":"Newell 33","Sales":"17.856","Quantity":"4","Discount":"20","Profit":"2.0088"},{"Row ID":"2218","Order ID":"CA-2011-151953","Order Date":"9/20/18","Date":"9/25/18","Ship Mode":"Standard Class","Customer ID":"DB-13555","Customer":"Dorothy Badders","Segment":"Corporate","Country":"United States","City":"Jacksonville","State":"Florida","Postal Code":"32216","Region":"South","Product ID":"OFF-AR-10003469","Category":"Office Supplies","Sub-Category":"Art","Product":"Nontoxic Chalk","Sales":"2.816","Quantity":"2","Discount":"20","Profit":"0.9856"},{"Row ID":"2271","Order ID":"CA-2014-164917","Order Date":"12/3/21","Date":"12/8/21","Ship Mode":"Standard Class","Customer ID":"MK-17905","Customer":"Michael Kennedy","Segment":"Corporate","Country":"United States","City":"Miami","State":"Florida","Postal Code":"33180","Region":"South","Product ID":"OFF-AR-10004344","Category":"Office Supplies","Sub-Category":"Art","Product":"Bulldog Vacuum Base Pencil Sharpener","Sales":"47.96","Quantity":"5","Discount":"20","Profit":"4.1965"},{"Row ID":"2440","Order ID":"CA-2014-139948","Order Date":"7/18/21","Date":"7/23/21","Ship Mode":"Standard Class","Customer ID":"SW-20455","Customer":"Shaun Weien","Segment":"Consumer","Country":"United States","City":"Tampa","State":"Florida","Postal Code":"33614","Region":"South","Product ID":"FUR-FU-10002597","Category":"Furniture","Sub-Category":"Furnishings","Product":"C-Line Magnetic Cubicle Keepers, Clear Polypropylene","Sales":"7.904","Quantity":"2","Discount":"20","Profit":"2.1736"},{"Row ID":"2500","Order ID":"US-2014-133781","Order Date":"6/23/21","Date":"6/24/21","Ship Mode":"First Class","Customer ID":"DC-12850","Customer":"Dan Campbell","Segment":"Consumer","Country":"United States","City":"Miami","State":"Florida","Postal Code":"33178","Region":"South","Product ID":"OFF-EN-10004483","Category":"Office Supplies","Sub-Category":"Envelopes","Product":"#10 White Business Envelopes,4 1/8 x 9 1/2","Sales":"37.608","Quantity":"3","Discount":"20","Profit":"12.6927"},{"Row ID":"2513","Order ID":"CA-2014-155089","Order Date":"12/3/21","Date":"12/7/21","Ship Mode":"Standard Class","Customer ID":"DB-12910","Customer":"Daniel Byrd","Segment":"Office","Country":"United States","City":"Tampa","State":"Florida","Postal Code":"33614","Region":"South","Product ID":"OFF-BI-10002429","Category":"Office Supplies","Sub-Category":"Binders","Product":"Premier Elliptical Ring Binder, Black","Sales":"45.66","Quantity":"5","Discount":"70","Profit":"-33.484"},{"Row ID":"2530","Order ID":"CA-2011-108707","Order Date":"10/24/18","Date":"10/29/18","Ship Mode":"Standard Class","Customer ID":"DB-12910","Customer":"Daniel Byrd","Segment":"Office","Country":"United States","City":"Fort Lauderdale","State":"Florida","Postal Code":"33311","Region":"South","Product ID":"OFF-PA-10000788","Category":"Office Supplies","Sub-Category":"Paper","Product":"Xerox 210","Sales":"10.368","Quantity":"2","Discount":"20","Profit":"3.6288"},{"Row ID":"2555","Order ID":"CA-2013-118626","Order Date":"8/16/20","Date":"8/21/20","Ship Mode":"Standard Class","Customer ID":"JC-15775","Customer":"John Castell","Segment":"Consumer","Country":"United States","City":"Tallahassee","State":"Florida","Postal Code":"32303","Region":"South","Product ID":"TEC-PH-10000369","Category":"Technology","Sub-Category":"Phones","Product":"HTC One Mini","Sales":"705.544","Quantity":"7","Discount":"20","Profit":"70.5544"},{"Row ID":"2558","Order ID":"US-2012-112508","Order Date":"3/24/19","Date":"3/30/19","Ship Mode":"Standard Class","Customer ID":"BP-11185","Customer":"Ben Peterman","Segment":"Corporate","Country":"United States","City":"Coral Springs","State":"Florida","Postal Code":"33065","Region":"South","Product ID":"OFF-AP-10002287","Category":"Office Supplies","Sub-Category":"Appliances","Product":"Eureka Sanitaire  Multi-Pro Heavy-Duty Upright, Disposable Bags","Sales":"6.992","Quantity":"2","Discount":"20","Profit":"0.5244"},{"Row ID":"2606","Order ID":"CA-2011-112718","Order Date":"12/16/18","Date":"12/21/18","Ship Mode":"Standard Class","Customer ID":"KN-16450","Customer":"Kean Nguyen","Segment":"Corporate","Country":"United States","City":"Jacksonville","State":"Florida","Postal Code":"32216","Region":"South","Product ID":"OFF-BI-10000591","Category":"Office Supplies","Sub-Category":"Binders","Product":"Avery Binder Labels","Sales":"1.167","Quantity":"1","Discount":"70","Profit":"-0.8558"},{"Row ID":"2695","Order ID":"CA-2011-143182","Order Date":"10/15/18","Date":"10/20/18","Ship Mode":"Standard Class","Customer ID":"DL-12865","Customer":"Dan Lawera","Segment":"Consumer","Country":"United States","City":"Hialeah","State":"Florida","Postal Code":"33012","Region":"South","Product ID":"FUR-FU-10004270","Category":"Furniture","Sub-Category":"Furnishings","Product":"Executive Impressions 13\" Clairmont Wall Clock","Sales":"15.384","Quantity":"1","Discount":"20","Profit":"4.0383"},{"Row ID":"2697","Order ID":"CA-2011-145317","Order Date":"3/18/18","Date":"3/23/18","Ship Mode":"Standard Class","Customer ID":"SM-20320","Customer":"Sean Miller","Segment":"Office","Country":"United States","City":"Jacksonville","State":"Florida","Postal Code":"32216","Region":"South","Product ID":"TEC-MA-10003626","Category":"Technology","Sub-Category":"Machines","Product":"Hewlett-Packard Deskjet 6540 Color Inkjet Printer","Sales":"821.3","Quantity":"4","Discount":"50","Profit":"-16.426"},{"Row ID":"2698","Order ID":"CA-2011-145317","Order Date":"3/18/18","Date":"3/23/18","Ship Mode":"Standard Class","Customer ID":"SM-20320","Customer":"Sean Miller","Segment":"Office","Country":"United States","City":"Jacksonville","State":"Florida","Postal Code":"32216","Region":"South","Product ID":"TEC-MA-10002412","Category":"Technology","Sub-Category":"Machines","Product":"Cisco TelePresence System EX90 Videoconferencing Unit","Sales":"22638.48","Quantity":"6","Discount":"50","Profit":"-1811.0784"},{"Row ID":"2699","Order ID":"CA-2011-145317","Order Date":"3/18/18","Date":"3/23/18","Ship Mode":"Standard Class","Customer ID":"SM-20320","Customer":"Sean Miller","Segment":"Office","Country":"United States","City":"Jacksonville","State":"Florida","Postal Code":"32216","Region":"South","Product ID":"OFF-PA-10001804","Category":"Office Supplies","Sub-Category":"Paper","Product":"Xerox 195","Sales":"21.376","Quantity":"4","Discount":"20","Profit":"7.4816"},{"Row ID":"2700","Order ID":"CA-2011-145317","Order Date":"3/18/18","Date":"3/23/18","Ship Mode":"Standard Class","Customer ID":"SM-20320","Customer":"Sean Miller","Segment":"Office","Country":"United States","City":"Jacksonville","State":"Florida","Postal Code":"32216","Region":"South","Product ID":"OFF-AR-10003183","Category":"Office Supplies","Sub-Category":"Art","Product":"Avery Fluorescent Highlighter Four-Color Set","Sales":"8.016","Quantity":"3","Discount":"20","Profit":"1.002"},{"Row ID":"2701","Order ID":"CA-2011-145317","Order Date":"3/18/18","Date":"3/23/18","Ship Mode":"Standard Class","Customer ID":"SM-20320","Customer":"Sean Miller","Segment":"Office","Country":"United States","City":"Jacksonville","State":"Florida","Postal Code":"32216","Region":"South","Product ID":"FUR-FU-10004270","Category":"Furniture","Sub-Category":"Furnishings","Product":"Executive Impressions 13\" Clairmont Wall Clock","Sales":"30.768","Quantity":"2","Discount":"20","Profit":"8.0766"},{"Row ID":"2702","Order ID":"CA-2011-145317","Order Date":"3/18/18","Date":"3/23/18","Ship Mode":"Standard Class","Customer ID":"SM-20320","Customer":"Sean Miller","Segment":"Office","Country":"United States","City":"Jacksonville","State":"Florida","Postal Code":"32216","Region":"South","Product ID":"OFF-FA-10003112","Category":"Office Supplies","Sub-Category":"Fasteners","Product":"Staples","Sales":"18.936","Quantity":"3","Discount":"20","Profit":"5.9175"},{"Row ID":"2703","Order ID":"CA-2011-145317","Order Date":"3/18/18","Date":"3/23/18","Ship Mode":"Standard Class","Customer ID":"SM-20320","Customer":"Sean Miller","Segment":"Office","Country":"United States","City":"Jacksonville","State":"Florida","Postal Code":"32216","Region":"South","Product ID":"FUR-FU-10001986","Category":"Furniture","Sub-Category":"Furnishings","Product":"Dana Fluorescent Magnifying Lamp, White, 36\"","Sales":"122.352","Quantity":"3","Discount":"20","Profit":"15.294"},{"Row ID":"2711","Order ID":"US-2012-120572","Order Date":"12/11/19","Date":"12/15/19","Ship Mode":"Standard Class","Customer ID":"GH-14425","Customer":"Gary Hwang","Segment":"Consumer","Country":"United States","City":"Jacksonville","State":"Florida","Postal Code":"32216","Region":"South","Product ID":"OFF-BI-10001098","Category":"Office Supplies","Sub-Category":"Binders","Product":"Acco D-Ring Binder w/DublLock","Sales":"12.828","Quantity":"2","Discount":"70","Profit":"-8.9796"},{"Row ID":"2749","Order ID":"CA-2012-110247","Order Date":"12/4/19","Date":"12/8/19","Ship Mode":"Standard Class","Customer ID":"RH-19555","Customer":"Ritsa Hightower","Segment":"Consumer","Country":"United States","City":"Tallahassee","State":"Florida","Postal Code":"32303","Region":"South","Product ID":"OFF-BI-10001553","Category":"Office Supplies","Sub-Category":"Binders","Product":"SpineVue Locking Slant-D Ring Binders by Cardinal","Sales":"8.226","Quantity":"3","Discount":"70","Profit":"-6.0324"},{"Row ID":"2773","Order ID":"CA-2014-158967","Order Date":"12/11/21","Date":"12/13/21","Ship Mode":"First Class","Customer ID":"BT-11680","Customer":"Brian Thompson","Segment":"Consumer","Country":"United States","City":"Fort Lauderdale","State":"Florida","Postal Code":"33311","Region":"South","Product ID":"FUR-FU-10001940","Category":"Furniture","Sub-Category":"Furnishings","Product":"Staples","Sales":"19.104","Quantity":"3","Discount":"20","Profit":"5.7312"},{"Row ID":"2779","Order ID":"CA-2014-108322","Order Date":"5/1/21","Date":"5/6/21","Ship Mode":"Standard Class","Customer ID":"SS-20140","Customer":"Saphhira Shifley","Segment":"Corporate","Country":"United States","City":"Pompano Beach","State":"Florida","Postal Code":"33068","Region":"South","Product ID":"FUR-FU-10001935","Category":"Furniture","Sub-Category":"Furnishings","Product":"3M Hangers With Command Adhesive","Sales":"23.68","Quantity":"8","Discount":"20","Profit":"6.216"},{"Row ID":"2780","Order ID":"CA-2014-108322","Order Date":"5/1/21","Date":"5/6/21","Ship Mode":"Standard Class","Customer ID":"SS-20140","Customer":"Saphhira Shifley","Segment":"Corporate","Country":"United States","City":"Pompano Beach","State":"Florida","Postal Code":"33068","Region":"South","Product ID":"TEC-AC-10003433","Category":"Technology","Sub-Category":"Accessories","Product":"Maxell 4.7GB DVD+R 5/Pack","Sales":"2.376","Quantity":"3","Discount":"20","Profit":"0.7425"},{"Row ID":"2801","Order ID":"CA-2013-153318","Order Date":"10/26/20","Date":"10/29/20","Ship Mode":"First Class","Customer ID":"JS-15595","Customer":"Jill Stevenson","Segment":"Corporate","Country":"United States","City":"Miami","State":"Florida","Postal Code":"33180","Region":"South","Product ID":"TEC-PH-10000984","Category":"Technology","Sub-Category":"Phones","Product":"Panasonic KX-TG9471B","Sales":"783.96","Quantity":"5","Discount":"20","Profit":"78.396"},{"Row ID":"2839","Order ID":"CA-2013-147368","Order Date":"6/10/20","Date":"6/13/20","Ship Mode":"First Class","Customer ID":"TC-21295","Customer":"Toby Carlisle","Segment":"Consumer","Country":"United States","City":"Tallahassee","State":"Florida","Postal Code":"32303","Region":"South","Product ID":"TEC-MA-10002178","Category":"Technology","Sub-Category":"Machines","Product":"Cisco CP-7937G Unified IP Conference Station Phone","Sales":"695.7","Quantity":"2","Discount":"50","Profit":"-27.828"},{"Row ID":"2850","Order ID":"CA-2013-123617","Order Date":"11/29/20","Date":"12/4/20","Ship Mode":"Standard Class","Customer ID":"AJ-10780","Customer":"Anthony Jacobs","Segment":"Corporate","Country":"United States","City":"Palm Coast","State":"Florida","Postal Code":"32137","Region":"South","Product ID":"OFF-BI-10002976","Category":"Office Supplies","Sub-Category":"Binders","Product":"ACCOHIDE Binder by Acco","Sales":"7.434","Quantity":"6","Discount":"70","Profit":"-5.6994"},{"Row ID":"2863","Order ID":"CA-2014-106537","Order Date":"8/13/21","Date":"8/18/21","Ship Mode":"Standard Class","Customer ID":"RH-19495","Customer":"Rick Hansen","Segment":"Consumer","Country":"United States","City":"Orlando","State":"Florida","Postal Code":"32839","Region":"South","Product ID":"OFF-PA-10000223","Category":"Office Supplies","Sub-Category":"Paper","Product":"Xerox 2000","Sales":"20.736","Quantity":"4","Discount":"20","Profit":"7.2576"},{"Row ID":"2870","Order ID":"CA-2014-143861","Order Date":"6/13/21","Date":"6/20/21","Ship Mode":"Standard Class","Customer ID":"LC-16885","Customer":"Lena Creighton","Segment":"Consumer","Country":"United States","City":"Saint Petersburg","State":"Florida","Postal Code":"33710","Region":"South","Product ID":"FUR-FU-10001546","Category":"Furniture","Sub-Category":"Furnishings","Product":"Dana Swing-Arm Lamps","Sales":"17.088","Quantity":"2","Discount":"20","Profit":"1.068"},{"Row ID":"2911","Order ID":"CA-2012-118444","Order Date":"11/5/19","Date":"11/9/19","Ship Mode":"Standard Class","Customer ID":"VD-21670","Customer":"Valerie Dominguez","Segment":"Consumer","Country":"United States","City":"Coral Springs","State":"Florida","Postal Code":"33065","Region":"South","Product ID":"OFF-AP-10000576","Category":"Office Supplies","Sub-Category":"Appliances","Product":"Belkin 325VA UPS Surge Protector, 6'","Sales":"387.136","Quantity":"4","Discount":"20","Profit":"24.196"},{"Row ID":"3119","Order ID":"CA-2012-121720","Order Date":"6/11/19","Date":"6/12/19","Ship Mode":"First Class","Customer ID":"JE-15610","Customer":"Jim Epp","Segment":"Corporate","Country":"United States","City":"Lakeland","State":"Florida","Postal Code":"33801","Region":"South","Product ID":"FUR-CH-10003312","Category":"Furniture","Sub-Category":"Chairs","Product":"Hon 2090 “Pillow Soft” Series Mid Back Swivel/Tilt Chairs","Sales":"1123.92","Quantity":"5","Discount":"20","Profit":"-182.637"},{"Row ID":"3120","Order ID":"CA-2012-121720","Order Date":"6/11/19","Date":"6/12/19","Ship Mode":"First Class","Customer ID":"JE-15610","Customer":"Jim Epp","Segment":"Corporate","Country":"United States","City":"Lakeland","State":"Florida","Postal Code":"33801","Region":"South","Product ID":"TEC-PH-10002496","Category":"Technology","Sub-Category":"Phones","Product":"Cisco SPA301","Sales":"249.584","Quantity":"2","Discount":"20","Profit":"31.198"},{"Row ID":"3121","Order ID":"CA-2012-121720","Order Date":"6/11/19","Date":"6/12/19","Ship Mode":"First Class","Customer ID":"JE-15610","Customer":"Jim Epp","Segment":"Corporate","Country":"United States","City":"Lakeland","State":"Florida","Postal Code":"33801","Region":"South","Product ID":"FUR-FU-10003464","Category":"Furniture","Sub-Category":"Furnishings","Product":"Seth Thomas 8 1/2\" Cubicle Clock","Sales":"48.672","Quantity":"3","Discount":"20","Profit":"7.3008"},{"Row ID":"3122","Order ID":"CA-2012-121720","Order Date":"6/11/19","Date":"6/12/19","Ship Mode":"First Class","Customer ID":"JE-15610","Customer":"Jim Epp","Segment":"Corporate","Country":"United States","City":"Lakeland","State":"Florida","Postal Code":"33801","Region":"South","Product ID":"OFF-AR-10000380","Category":"Office Supplies","Sub-Category":"Art","Product":"Hunt PowerHouse Electric Pencil Sharpener, Blue","Sales":"60.768","Quantity":"2","Discount":"20","Profit":"7.596"},{"Row ID":"3123","Order ID":"CA-2012-121720","Order Date":"6/11/19","Date":"6/12/19","Ship Mode":"First Class","Customer ID":"JE-15610","Customer":"Jim Epp","Segment":"Corporate","Country":"United States","City":"Lakeland","State":"Florida","Postal Code":"33801","Region":"South","Product ID":"OFF-BI-10004593","Category":"Office Supplies","Sub-Category":"Binders","Product":"Ibico Laser Imprintable Binding System Covers","Sales":"78.6","Quantity":"5","Discount":"70","Profit":"-62.88"},{"Row ID":"3124","Order ID":"CA-2012-121720","Order Date":"6/11/19","Date":"6/12/19","Ship Mode":"First Class","Customer ID":"JE-15610","Customer":"Jim Epp","Segment":"Corporate","Country":"United States","City":"Lakeland","State":"Florida","Postal Code":"33801","Region":"South","Product ID":"OFF-BI-10001308","Category":"Office Supplies","Sub-Category":"Binders","Product":"GBC Standard Plastic Binding Systems' Combs","Sales":"3.768","Quantity":"2","Discount":"70","Profit":"-3.14"},{"Row ID":"3125","Order ID":"CA-2012-121720","Order Date":"6/11/19","Date":"6/12/19","Ship Mode":"First Class","Customer ID":"JE-15610","Customer":"Jim Epp","Segment":"Corporate","Country":"United States","City":"Lakeland","State":"Florida","Postal Code":"33801","Region":"South","Product ID":"OFF-ST-10001780","Category":"Office Supplies","Sub-Category":"Storage","Product":"Tennsco 16-Compartment Lockers with Coat Rack","Sales":"1036.624","Quantity":"2","Discount":"20","Profit":"51.8312"},{"Row ID":"3126","Order ID":"CA-2012-121720","Order Date":"6/11/19","Date":"6/12/19","Ship Mode":"First Class","Customer ID":"JE-15610","Customer":"Jim Epp","Segment":"Corporate","Country":"United States","City":"Lakeland","State":"Florida","Postal Code":"33801","Region":"South","Product ID":"OFF-ST-10003816","Category":"Office Supplies","Sub-Category":"Storage","Product":"Fellowes High-Stak Drawer Files","Sales":"563.808","Quantity":"4","Discount":"20","Profit":"21.1428"},{"Row ID":"3169","Order ID":"CA-2013-138695","Order Date":"5/29/20","Date":"6/4/20","Ship Mode":"Standard Class","Customer ID":"KC-16675","Customer":"Kimberly Carter","Segment":"Corporate","Country":"United States","City":"Tallahassee","State":"Florida","Postal Code":"32303","Region":"South","Product ID":"FUR-CH-10003833","Category":"Furniture","Sub-Category":"Chairs","Product":"Novimex Fabric Task Chair","Sales":"390.272","Quantity":"8","Discount":"20","Profit":"-24.392"},{"Row ID":"3170","Order ID":"CA-2013-138695","Order Date":"5/29/20","Date":"6/4/20","Ship Mode":"Standard Class","Customer ID":"KC-16675","Customer":"Kimberly Carter","Segment":"Corporate","Country":"United States","City":"Tallahassee","State":"Florida","Postal Code":"32303","Region":"South","Product ID":"OFF-PA-10001667","Category":"Office Supplies","Sub-Category":"Paper","Product":"Great White Multi-Use Recycled Paper (20Lb. and 84 Bright)","Sales":"62.192","Quantity":"13","Discount":"20","Profit":"19.435"},{"Row ID":"3257","Order ID":"CA-2012-155453","Order Date":"8/9/19","Date":"8/14/19","Ship Mode":"Standard Class","Customer ID":"RA-19885","Customer":"Ruben Ausman","Segment":"Corporate","Country":"United States","City":"Jacksonville","State":"Florida","Postal Code":"32216","Region":"South","Product ID":"OFF-LA-10001613","Category":"Office Supplies","Sub-Category":"Labels","Product":"Avery File Folder Labels","Sales":"4.608","Quantity":"2","Discount":"20","Profit":"1.6704"},{"Row ID":"3265","Order ID":"CA-2013-122518","Order Date":"3/5/20","Date":"3/9/20","Ship Mode":"Second Class","Customer ID":"RF-19345","Customer":"Randy Ferguson","Segment":"Corporate","Country":"United States","City":"Miami","State":"Florida","Postal Code":"33180","Region":"South","Product ID":"OFF-LA-10001641","Category":"Office Supplies","Sub-Category":"Labels","Product":"Avery 518","Sales":"10.08","Quantity":"4","Discount":"20","Profit":"3.528"},{"Row ID":"3382","Order ID":"US-2014-162208","Order Date":"8/28/21","Date":"8/31/21","Ship Mode":"First Class","Customer ID":"SP-20620","Customer":"Stefania Perrino","Segment":"Corporate","Country":"United States","City":"Tampa","State":"Florida","Postal Code":"33614","Region":"South","Product ID":"OFF-EN-10004030","Category":"Office Supplies","Sub-Category":"Envelopes","Product":"Convenience Packs of Business Envelopes","Sales":"2.896","Quantity":"1","Discount":"20","Profit":"0.9774"},{"Row ID":"3464","Order ID":"CA-2013-165470","Order Date":"11/26/20","Date":"12/1/20","Ship Mode":"Standard Class","Customer ID":"HJ-14875","Customer":"Heather Jas","Segment":"Office","Country":"United States","City":"Jacksonville","State":"Florida","Postal Code":"32216","Region":"South","Product ID":"OFF-PA-10004675","Category":"Office Supplies","Sub-Category":"Paper","Product":"Telephone Message Books with Fax/Mobile Section, 5 1/2\" x 3 3/16\"","Sales":"5.08","Quantity":"1","Discount":"20","Profit":"1.651"},{"Row ID":"3465","Order ID":"CA-2014-128699","Order Date":"12/4/21","Date":"12/6/21","Ship Mode":"Second Class","Customer ID":"ND-18370","Customer":"Natalie DeCherney","Segment":"Consumer","Country":"United States","City":"Jacksonville","State":"Florida","Postal Code":"32216","Region":"South","Product ID":"TEC-AC-10001990","Category":"Technology","Sub-Category":"Accessories","Product":"Kensington Orbit Wireless Mobile Trackball for PC and Mac","Sales":"47.992","Quantity":"1","Discount":"20","Profit":"7.1988"},{"Row ID":"3488","Order ID":"CA-2014-120705","Order Date":"9/6/21","Date":"9/12/21","Ship Mode":"Standard Class","Customer ID":"MG-17875","Customer":"Michael Grace","Segment":"Office","Country":"United States","City":"Fort Lauderdale","State":"Florida","Postal Code":"33311","Region":"South","Product ID":"OFF-ST-10001522","Category":"Office Supplies","Sub-Category":"Storage","Product":"Gould Plastics 18-Pocket Panel Bin, 34w x 5-1/4d x 20-1/2h","Sales":"147.184","Quantity":"2","Discount":"20","Profit":"-29.4368"},{"Row ID":"3530","Order ID":"CA-2012-141145","Order Date":"9/17/19","Date":"9/23/19","Ship Mode":"Standard Class","Customer ID":"DB-13405","Customer":"Denny Blanton","Segment":"Consumer","Country":"United States","City":"Orlando","State":"Florida","Postal Code":"32839","Region":"South","Product ID":"TEC-AC-10001465","Category":"Technology","Sub-Category":"Accessories","Product":"SanDisk Cruzer 64 GB USB Flash Drive","Sales":"87.168","Quantity":"3","Discount":"20","Profit":"10.896"},{"Row ID":"3576","Order ID":"CA-2012-143532","Order Date":"3/19/19","Date":"3/24/19","Ship Mode":"Standard Class","Customer ID":"DC-12850","Customer":"Dan Campbell","Segment":"Consumer","Country":"United States","City":"North Miami","State":"Florida","Postal Code":"33161","Region":"South","Product ID":"OFF-PA-10001560","Category":"Office Supplies","Sub-Category":"Paper","Product":"Adams Telephone Message Books, 5 1/4” x 11”","Sales":"14.496","Quantity":"3","Discount":"20","Profit":"4.8924"},{"Row ID":"3656","Order ID":"CA-2014-168102","Order Date":"4/25/21","Date":"5/1/21","Ship Mode":"Standard Class","Customer ID":"CP-12340","Customer":"Christine Phan","Segment":"Corporate","Country":"United States","City":"Jacksonville","State":"Florida","Postal Code":"32216","Region":"South","Product ID":"OFF-ST-10001370","Category":"Office Supplies","Sub-Category":"Storage","Product":"Sensible Storage WireTech Storage Systems","Sales":"113.568","Quantity":"2","Discount":"20","Profit":"-21.294"},{"Row ID":"3658","Order ID":"CA-2012-128083","Order Date":"3/12/19","Date":"3/17/19","Ship Mode":"Standard Class","Customer ID":"EB-13750","Customer":"Edward Becker","Segment":"Corporate","Country":"United States","City":"Plantation","State":"Florida","Postal Code":"33317","Region":"South","Product ID":"OFF-EN-10004030","Category":"Office Supplies","Sub-Category":"Envelopes","Product":"Convenience Packs of Business Envelopes","Sales":"8.688","Quantity":"3","Discount":"20","Profit":"2.9322"},{"Row ID":"3659","Order ID":"CA-2012-128083","Order Date":"3/12/19","Date":"3/17/19","Ship Mode":"Standard Class","Customer ID":"EB-13750","Customer":"Edward Becker","Segment":"Corporate","Country":"United States","City":"Plantation","State":"Florida","Postal Code":"33317","Region":"South","Product ID":"FUR-FU-10003194","Category":"Furniture","Sub-Category":"Furnishings","Product":"Eldon Expressions Desk Accessory, Wood Pencil Holder, Oak","Sales":"30.88","Quantity":"4","Discount":"20","Profit":"3.86"},{"Row ID":"3660","Order ID":"CA-2012-128083","Order Date":"3/12/19","Date":"3/17/19","Ship Mode":"Standard Class","Customer ID":"EB-13750","Customer":"Edward Becker","Segment":"Corporate","Country":"United States","City":"Plantation","State":"Florida","Postal Code":"33317","Region":"South","Product ID":"FUR-FU-10001731","Category":"Furniture","Sub-Category":"Furnishings","Product":"Acrylic Self-Standing Desk Frames","Sales":"6.408","Quantity":"3","Discount":"20","Profit":"1.4418"},{"Row ID":"3688","Order ID":"CA-2013-108567","Order Date":"5/21/20","Date":"5/25/20","Ship Mode":"Standard Class","Customer ID":"DB-13210","Customer":"Dean Braden","Segment":"Consumer","Country":"United States","City":"Port Saint Lucie","State":"Florida","Postal Code":"34952","Region":"South","Product ID":"OFF-BI-10004140","Category":"Office Supplies","Sub-Category":"Binders","Product":"Avery Non-Stick Binders","Sales":"2.694","Quantity":"2","Discount":"70","Profit":"-2.245"},{"Row ID":"3769","Order ID":"CA-2011-153913","Order Date":"12/16/18","Date":"12/20/18","Ship Mode":"Second Class","Customer ID":"KB-16585","Customer":"Ken Black","Segment":"Corporate","Country":"United States","City":"Hialeah","State":"Florida","Postal Code":"33012","Region":"South","Product ID":"FUR-CH-10000988","Category":"Furniture","Sub-Category":"Chairs","Product":"Hon Olson Stacker Stools","Sales":"1013.832","Quantity":"9","Discount":"20","Profit":"101.3832"},{"Row ID":"3770","Order ID":"CA-2011-153913","Order Date":"12/16/18","Date":"12/20/18","Ship Mode":"Second Class","Customer ID":"KB-16585","Customer":"Ken Black","Segment":"Corporate","Country":"United States","City":"Hialeah","State":"Florida","Postal Code":"33012","Region":"South","Product ID":"OFF-FA-10000490","Category":"Office Supplies","Sub-Category":"Fasteners","Product":"OIC Binder Clips, Mini, 1/4\" Capacity, Black","Sales":"1.984","Quantity":"2","Discount":"20","Profit":"0.6696"},{"Row ID":"3774","Order ID":"US-2011-102715","Order Date":"4/11/18","Date":"4/13/18","Ship Mode":"Second Class","Customer ID":"JK-15370","Customer":"Jay Kimmel","Segment":"Consumer","Country":"United States","City":"Miami","State":"Florida","Postal Code":"33180","Region":"South","Product ID":"OFF-FA-10001332","Category":"Office Supplies","Sub-Category":"Fasteners","Product":"Acco Banker's Clasps, 5 3/4\"-Long","Sales":"6.912","Quantity":"3","Discount":"20","Profit":"2.3328"},{"Row ID":"3775","Order ID":"US-2011-102715","Order Date":"4/11/18","Date":"4/13/18","Ship Mode":"Second Class","Customer ID":"JK-15370","Customer":"Jay Kimmel","Segment":"Consumer","Country":"United States","City":"Miami","State":"Florida","Postal Code":"33180","Region":"South","Product ID":"TEC-AC-10002001","Category":"Technology","Sub-Category":"Accessories","Product":"Logitech Wireless Gaming Headset G930","Sales":"383.976","Quantity":"3","Discount":"20","Profit":"81.5949"},{"Row ID":"3776","Order ID":"US-2011-102715","Order Date":"4/11/18","Date":"4/13/18","Ship Mode":"Second Class","Customer ID":"JK-15370","Customer":"Jay Kimmel","Segment":"Consumer","Country":"United States","City":"Miami","State":"Florida","Postal Code":"33180","Region":"South","Product ID":"OFF-PA-10000029","Category":"Office Supplies","Sub-Category":"Paper","Product":"Xerox 224","Sales":"10.368","Quantity":"2","Discount":"20","Profit":"3.6288"},{"Row ID":"3777","Order ID":"US-2011-102715","Order Date":"4/11/18","Date":"4/13/18","Ship Mode":"Second Class","Customer ID":"JK-15370","Customer":"Jay Kimmel","Segment":"Consumer","Country":"United States","City":"Miami","State":"Florida","Postal Code":"33180","Region":"South","Product ID":"TEC-AC-10001874","Category":"Technology","Sub-Category":"Accessories","Product":"Logitech Wireless Anywhere Mouse MX for PC and Mac","Sales":"335.944","Quantity":"7","Discount":"20","Profit":"41.993"},{"Row ID":"3779","Order ID":"US-2014-148768","Order Date":"12/1/21","Date":"12/3/21","Ship Mode":"Second Class","Customer ID":"PN-18775","Customer":"Parhena Norris","Segment":"Office","Country":"United States","City":"Miami","State":"Florida","Postal Code":"33180","Region":"South","Product ID":"TEC-PH-10002564","Category":"Technology","Sub-Category":"Phones","Product":"OtterBox Defender Series Case - Samsung Galaxy S4","Sales":"71.976","Quantity":"3","Discount":"20","Profit":"8.997"},{"Row ID":"3785","Order ID":"CA-2014-125752","Order Date":"8/1/21","Date":"8/5/21","Ship Mode":"Standard Class","Customer ID":"EH-14125","Customer":"Eugene Hildebrand","Segment":"Office","Country":"United States","City":"Fort Lauderdale","State":"Florida","Postal Code":"33311","Region":"South","Product ID":"TEC-AC-10003590","Category":"Technology","Sub-Category":"Accessories","Product":"TRENDnet 56K USB 2.0 Phone, Internet and Fax Modem","Sales":"41.424","Quantity":"2","Discount":"20","Profit":"8.2848"},{"Row ID":"3798","Order ID":"CA-2014-121314","Order Date":"9/24/21","Date":"9/27/21","Ship Mode":"First Class","Customer ID":"BE-11410","Customer":"Bobby Elias","Segment":"Consumer","Country":"United States","City":"Miami","State":"Florida","Postal Code":"33178","Region":"South","Product ID":"OFF-PA-10003395","Category":"Office Supplies","Sub-Category":"Paper","Product":"Xerox 1941","Sales":"251.64","Quantity":"3","Discount":"20","Profit":"88.074"},{"Row ID":"3807","Order ID":"CA-2012-113628","Order Date":"11/12/19","Date":"11/19/19","Ship Mode":"Standard Class","Customer ID":"AH-10690","Customer":"Anna Häberlin","Segment":"Corporate","Country":"United States","City":"Plantation","State":"Florida","Postal Code":"33317","Region":"South","Product ID":"OFF-AR-10001246","Category":"Office Supplies","Sub-Category":"Art","Product":"Newell 317","Sales":"11.76","Quantity":"5","Discount":"20","Profit":"1.323"},{"Row ID":"3808","Order ID":"CA-2012-113628","Order Date":"11/12/19","Date":"11/19/19","Ship Mode":"Standard Class","Customer ID":"AH-10690","Customer":"Anna Häberlin","Segment":"Corporate","Country":"United States","City":"Plantation","State":"Florida","Postal Code":"33317","Region":"South","Product ID":"OFF-BI-10003291","Category":"Office Supplies","Sub-Category":"Binders","Product":"Wilson Jones Leather-Like Binders with DublLock Round Rings","Sales":"5.238","Quantity":"2","Discount":"70","Profit":"-4.0158"},{"Row ID":"3809","Order ID":"CA-2012-113628","Order Date":"11/12/19","Date":"11/19/19","Ship Mode":"Standard Class","Customer ID":"AH-10690","Customer":"Anna Häberlin","Segment":"Corporate","Country":"United States","City":"Plantation","State":"Florida","Postal Code":"33317","Region":"South","Product ID":"OFF-BI-10002799","Category":"Office Supplies","Sub-Category":"Binders","Product":"SlimView Poly Binder, 3/8\"","Sales":"4.662","Quantity":"3","Discount":"70","Profit":"-3.7296"},{"Row ID":"3810","Order ID":"CA-2012-113628","Order Date":"11/12/19","Date":"11/19/19","Ship Mode":"Standard Class","Customer ID":"AH-10690","Customer":"Anna Häberlin","Segment":"Corporate","Country":"United States","City":"Plantation","State":"Florida","Postal Code":"33317","Region":"South","Product ID":"FUR-CH-10003298","Category":"Furniture","Sub-Category":"Chairs","Product":"Office Star - Contemporary Task Swivel chair with Loop Arms, Charcoal","Sales":"523.92","Quantity":"5","Discount":"20","Profit":"-72.039"},{"Row ID":"3811","Order ID":"CA-2012-113628","Order Date":"11/12/19","Date":"11/19/19","Ship Mode":"Standard Class","Customer ID":"AH-10690","Customer":"Anna Häberlin","Segment":"Corporate","Country":"United States","City":"Plantation","State":"Florida","Postal Code":"33317","Region":"South","Product ID":"TEC-PH-10000441","Category":"Technology","Sub-Category":"Phones","Product":"VTech DS6151","Sales":"100.792","Quantity":"1","Discount":"20","Profit":"10.0792"},{"Row ID":"3812","Order ID":"CA-2012-113628","Order Date":"11/12/19","Date":"11/19/19","Ship Mode":"Standard Class","Customer ID":"AH-10690","Customer":"Anna Häberlin","Segment":"Corporate","Country":"United States","City":"Plantation","State":"Florida","Postal Code":"33317","Region":"South","Product ID":"FUR-CH-10004477","Category":"Furniture","Sub-Category":"Chairs","Product":"Global Push Button Manager's Chair, Indigo","Sales":"146.136","Quantity":"3","Discount":"20","Profit":"16.4403"},{"Row ID":"3815","Order ID":"CA-2013-152471","Order Date":"7/9/20","Date":"7/9/20","Ship Mode":"Same Day","Customer ID":"ZD-21925","Customer":"Zuschuss Donatelli","Segment":"Consumer","Country":"United States","City":"Jacksonville","State":"Florida","Postal Code":"32216","Region":"South","Product ID":"TEC-PH-10002824","Category":"Technology","Sub-Category":"Phones","Product":"Jabra SPEAK 410 Multidevice Speakerphone","Sales":"823.96","Quantity":"5","Discount":"20","Profit":"51.4975"},{"Row ID":"3816","Order ID":"CA-2013-152471","Order Date":"7/9/20","Date":"7/9/20","Ship Mode":"Same Day","Customer ID":"ZD-21925","Customer":"Zuschuss Donatelli","Segment":"Consumer","Country":"United States","City":"Jacksonville","State":"Florida","Postal Code":"32216","Region":"South","Product ID":"OFF-PA-10004965","Category":"Office Supplies","Sub-Category":"Paper","Product":"Xerox 1921","Sales":"15.984","Quantity":"2","Discount":"20","Profit":"4.995"},{"Row ID":"3878","Order ID":"CA-2013-140641","Order Date":"10/29/20","Date":"11/3/20","Ship Mode":"Standard Class","Customer ID":"EP-13915","Customer":"Emily Phan","Segment":"Consumer","Country":"United States","City":"Tampa","State":"Florida","Postal Code":"33614","Region":"South","Product ID":"OFF-BI-10001191","Category":"Office Supplies","Sub-Category":"Binders","Product":"Canvas Sectional Post Binders","Sales":"38.19","Quantity":"5","Discount":"70","Profit":"-26.733"},{"Row ID":"3946","Order ID":"CA-2014-167871","Order Date":"11/19/21","Date":"11/24/21","Ship Mode":"Standard Class","Customer ID":"AF-10870","Customer":"Art Ferguson","Segment":"Consumer","Country":"United States","City":"Homestead","State":"Florida","Postal Code":"33030","Region":"South","Product ID":"OFF-PA-10001977","Category":"Office Supplies","Sub-Category":"Paper","Product":"Xerox 194","Sales":"44.384","Quantity":"1","Discount":"20","Profit":"15.5344"},{"Row ID":"3947","Order ID":"CA-2014-167871","Order Date":"11/19/21","Date":"11/24/21","Ship Mode":"Standard Class","Customer ID":"AF-10870","Customer":"Art Ferguson","Segment":"Consumer","Country":"United States","City":"Homestead","State":"Florida","Postal Code":"33030","Region":"South","Product ID":"OFF-SU-10001225","Category":"Office Supplies","Sub-Category":"Supplies","Product":"Staples","Sales":"2.944","Quantity":"1","Discount":"20","Profit":"-0.6624"},{"Row ID":"3992","Order ID":"CA-2012-161998","Order Date":"5/1/19","Date":"5/5/19","Ship Mode":"Standard Class","Customer ID":"DB-13120","Customer":"David Bremer","Segment":"Corporate","Country":"United States","City":"Tampa","State":"Florida","Postal Code":"33614","Region":"South","Product ID":"FUR-FU-10001095","Category":"Furniture","Sub-Category":"Furnishings","Product":"DAX Black Cherry Wood-Tone Poster Frame","Sales":"63.552","Quantity":"3","Discount":"20","Profit":"14.2992"},{"Row ID":"3993","Order ID":"CA-2012-161998","Order Date":"5/1/19","Date":"5/5/19","Ship Mode":"Standard Class","Customer ID":"DB-13120","Customer":"David Bremer","Segment":"Corporate","Country":"United States","City":"Tampa","State":"Florida","Postal Code":"33614","Region":"South","Product ID":"OFF-SU-10004261","Category":"Office Supplies","Sub-Category":"Supplies","Product":"Fiskars 8\" Scissors, 2/Pack","Sales":"41.376","Quantity":"3","Discount":"20","Profit":"4.6548"},{"Row ID":"3994","Order ID":"CA-2012-161998","Order Date":"5/1/19","Date":"5/5/19","Ship Mode":"Standard Class","Customer ID":"DB-13120","Customer":"David Bremer","Segment":"Corporate","Country":"United States","City":"Tampa","State":"Florida","Postal Code":"33614","Region":"South","Product ID":"OFF-AR-10004022","Category":"Office Supplies","Sub-Category":"Art","Product":"Panasonic KP-380BK Classic Electric Pencil Sharpener","Sales":"172.704","Quantity":"6","Discount":"20","Profit":"10.794"},{"Row ID":"4000","Order ID":"US-2012-149629","Order Date":"7/17/19","Date":"7/20/19","Ship Mode":"Second Class","Customer ID":"MP-17965","Customer":"Michael Paige","Segment":"Corporate","Country":"United States","City":"Port Saint Lucie","State":"Florida","Postal Code":"34952","Region":"South","Product ID":"FUR-BO-10004709","Category":"Furniture","Sub-Category":"Bookcases","Product":"Bush Westfield Collection Bookcases, Medium Cherry Finish","Sales":"231.92","Quantity":"5","Discount":"20","Profit":"5.798"},{"Row ID":"4075","Order ID":"CA-2014-108112","Order Date":"11/16/21","Date":"11/21/21","Ship Mode":"Standard Class","Customer ID":"DK-12895","Customer":"Dana Kaydos","Segment":"Consumer","Country":"United States","City":"Miramar","State":"Florida","Postal Code":"33023","Region":"South","Product ID":"FUR-FU-10003553","Category":"Furniture","Sub-Category":"Furnishings","Product":"Howard Miller 13-1/2\" Diameter Rosebrook Wall Clock","Sales":"220.064","Quantity":"4","Discount":"20","Profit":"55.016"},{"Row ID":"4076","Order ID":"CA-2014-108112","Order Date":"11/16/21","Date":"11/21/21","Ship Mode":"Standard Class","Customer ID":"DK-12895","Customer":"Dana Kaydos","Segment":"Consumer","Country":"United States","City":"Miramar","State":"Florida","Postal Code":"33023","Region":"South","Product ID":"FUR-FU-10001488","Category":"Furniture","Sub-Category":"Furnishings","Product":"Tenex 46\" x 60\" Computer Anti-Static Chairmat, Rectangular Shaped","Sales":"339.136","Quantity":"4","Discount":"20","Profit":"0"},{"Row ID":"4126","Order ID":"CA-2014-123239","Order Date":"7/28/21","Date":"8/1/21","Ship Mode":"Second Class","Customer ID":"MG-18145","Customer":"Mike Gockenbach","Segment":"Consumer","Country":"United States","City":"Jacksonville","State":"Florida","Postal Code":"32216","Region":"South","Product ID":"FUR-FU-10001602","Category":"Furniture","Sub-Category":"Furnishings","Product":"Eldon Delta Triangular Chair Mat, 52\" x 58\", Clear","Sales":"91.032","Quantity":"3","Discount":"20","Profit":"-2.2758"},{"Row ID":"4132","Order ID":"CA-2012-111703","Order Date":"7/2/19","Date":"7/9/19","Ship Mode":"Standard Class","Customer ID":"KB-16315","Customer":"Karl Braun","Segment":"Consumer","Country":"United States","City":"Hollywood","State":"Florida","Postal Code":"33021","Region":"South","Product ID":"OFF-PA-10000349","Category":"Office Supplies","Sub-Category":"Paper","Product":"Staples","Sales":"11.952","Quantity":"3","Discount":"20","Profit":"4.0338"},{"Row ID":"4133","Order ID":"CA-2012-111703","Order Date":"7/2/19","Date":"7/9/19","Ship Mode":"Standard Class","Customer ID":"KB-16315","Customer":"Karl Braun","Segment":"Consumer","Country":"United States","City":"Hollywood","State":"Florida","Postal Code":"33021","Region":"South","Product ID":"OFF-PA-10003349","Category":"Office Supplies","Sub-Category":"Paper","Product":"Xerox 1957","Sales":"15.552","Quantity":"3","Discount":"20","Profit":"5.6376"},{"Row ID":"4252","Order ID":"CA-2012-155068","Order Date":"10/23/19","Date":"10/23/19","Ship Mode":"Same Day","Customer ID":"RA-19285","Customer":"Ralph Arnett","Segment":"Consumer","Country":"United States","City":"Lakeland","State":"Florida","Postal Code":"33801","Region":"South","Product ID":"TEC-PH-10004897","Category":"Technology","Sub-Category":"Phones","Product":"Mediabridge Sport Armband iPhone 5s","Sales":"55.944","Quantity":"7","Discount":"20","Profit":"-13.2867"},{"Row ID":"4253","Order ID":"CA-2012-155068","Order Date":"10/23/19","Date":"10/23/19","Ship Mode":"Same Day","Customer ID":"RA-19285","Customer":"Ralph Arnett","Segment":"Consumer","Country":"United States","City":"Lakeland","State":"Florida","Postal Code":"33801","Region":"South","Product ID":"OFF-AR-10002656","Category":"Office Supplies","Sub-Category":"Art","Product":"Sanford Liquid Accent Highlighters","Sales":"10.688","Quantity":"2","Discount":"20","Profit":"2.2712"},{"Row ID":"4254","Order ID":"CA-2012-155068","Order Date":"10/23/19","Date":"10/23/19","Ship Mode":"Same Day","Customer ID":"RA-19285","Customer":"Ralph Arnett","Segment":"Consumer","Country":"United States","City":"Lakeland","State":"Florida","Postal Code":"33801","Region":"South","Product ID":"TEC-PH-10004924","Category":"Technology","Sub-Category":"Phones","Product":"SKILCRAFT Telephone Shoulder Rest, 2\" x 6.5\" x 2.5\", Black","Sales":"11.824","Quantity":"2","Discount":"20","Profit":"1.0346"},{"Row ID":"4298","Order ID":"CA-2014-129021","Order Date":"8/24/21","Date":"8/27/21","Ship Mode":"Second Class","Customer ID":"PO-18850","Customer":"Patrick O'Brill","Segment":"Consumer","Country":"United States","City":"Tallahassee","State":"Florida","Postal Code":"32303","Region":"South","Product ID":"TEC-PH-10001459","Category":"Technology","Sub-Category":"Phones","Product":"Samsung Galaxy Mega 6.3","Sales":"4367.896","Quantity":"13","Discount":"20","Profit":"327.5922"},{"Row ID":"4299","Order ID":"CA-2014-129021","Order Date":"8/24/21","Date":"8/27/21","Ship Mode":"Second Class","Customer ID":"PO-18850","Customer":"Patrick O'Brill","Segment":"Consumer","Country":"United States","City":"Tallahassee","State":"Florida","Postal Code":"32303","Region":"South","Product ID":"OFF-PA-10000241","Category":"Office Supplies","Sub-Category":"Paper","Product":"IBM Multi-Purpose Copy Paper, 8 1/2 x 11\", Case","Sales":"49.568","Quantity":"2","Discount":"20","Profit":"15.49"},{"Row ID":"4300","Order ID":"CA-2014-129021","Order Date":"8/24/21","Date":"8/27/21","Ship Mode":"Second Class","Customer ID":"PO-18850","Customer":"Patrick O'Brill","Segment":"Consumer","Country":"United States","City":"Tallahassee","State":"Florida","Postal Code":"32303","Region":"South","Product ID":"OFF-AP-10003040","Category":"Office Supplies","Sub-Category":"Appliances","Product":"Fellowes 8 Outlet Superior Workstation Surge Protector w/o Phone/Fax/Modem Protection","Sales":"161.376","Quantity":"6","Discount":"20","Profit":"12.1032"},{"Row ID":"4301","Order ID":"CA-2014-129021","Order Date":"8/24/21","Date":"8/27/21","Ship Mode":"Second Class","Customer ID":"PO-18850","Customer":"Patrick O'Brill","Segment":"Consumer","Country":"United States","City":"Tallahassee","State":"Florida","Postal Code":"32303","Region":"South","Product ID":"FUR-FU-10001852","Category":"Furniture","Sub-Category":"Furnishings","Product":"Eldon Regeneration Recycled Desk Accessories, Smoke","Sales":"2.784","Quantity":"2","Discount":"20","Profit":"0.4176"},{"Row ID":"4302","Order ID":"CA-2014-129021","Order Date":"8/24/21","Date":"8/27/21","Ship Mode":"Second Class","Customer ID":"PO-18850","Customer":"Patrick O'Brill","Segment":"Consumer","Country":"United States","City":"Tallahassee","State":"Florida","Postal Code":"32303","Region":"South","Product ID":"OFF-PA-10000141","Category":"Office Supplies","Sub-Category":"Paper","Product":"Ampad Evidence Wirebond Steno Books, 6\" x 9\"","Sales":"8.72","Quantity":"5","Discount":"20","Profit":"2.943"},{"Row ID":"4330","Order ID":"CA-2014-149853","Order Date":"10/4/21","Date":"10/10/21","Ship Mode":"Standard Class","Customer ID":"PO-18850","Customer":"Patrick O'Brill","Segment":"Consumer","Country":"United States","City":"Hialeah","State":"Florida","Postal Code":"33012","Region":"South","Product ID":"OFF-PA-10000556","Category":"Office Supplies","Sub-Category":"Paper","Product":"Xerox 208","Sales":"15.552","Quantity":"3","Discount":"20","Profit":"5.4432"},{"Row ID":"4331","Order ID":"CA-2014-149853","Order Date":"10/4/21","Date":"10/10/21","Ship Mode":"Standard Class","Customer ID":"PO-18850","Customer":"Patrick O'Brill","Segment":"Consumer","Country":"United States","City":"Hialeah","State":"Florida","Postal Code":"33012","Region":"South","Product ID":"OFF-AP-10000804","Category":"Office Supplies","Sub-Category":"Appliances","Product":"Hoover Portapower Portable Vacuum","Sales":"17.92","Quantity":"5","Discount":"20","Profit":"1.12"},{"Row ID":"4334","Order ID":"CA-2012-112375","Order Date":"12/21/19","Date":"12/27/19","Ship Mode":"Standard Class","Customer ID":"RD-19720","Customer":"Roger Demir","Segment":"Consumer","Country":"United States","City":"Daytona Beach","State":"Florida","Postal Code":"32114","Region":"South","Product ID":"TEC-AC-10003237","Category":"Technology","Sub-Category":"Accessories","Product":"Memorex Micro Travel Drive 4 GB","Sales":"50.88","Quantity":"6","Discount":"20","Profit":"14.628"},{"Row ID":"4335","Order ID":"CA-2012-112375","Order Date":"12/21/19","Date":"12/27/19","Ship Mode":"Standard Class","Customer ID":"RD-19720","Customer":"Roger Demir","Segment":"Consumer","Country":"United States","City":"Daytona Beach","State":"Florida","Postal Code":"32114","Region":"South","Product ID":"OFF-EN-10003798","Category":"Office Supplies","Sub-Category":"Envelopes","Product":"Recycled Interoffice Envelopes with Re-Use-A-Seal Closure, 10 x 13","Sales":"27.312","Quantity":"2","Discount":"20","Profit":"9.2178"},{"Row ID":"4422","Order ID":"CA-2011-117016","Order Date":"3/4/18","Date":"3/9/18","Ship Mode":"Standard Class","Customer ID":"SC-20095","Customer":"Sanjit Chand","Segment":"Consumer","Country":"United States","City":"Margate","State":"Florida","Postal Code":"33063","Region":"South","Product ID":"OFF-AR-10001374","Category":"Office Supplies","Sub-Category":"Art","Product":"BIC Brite Liner Highlighters, Chisel Tip","Sales":"15.552","Quantity":"3","Discount":"20","Profit":"2.3328"},{"Row ID":"4520","Order ID":"CA-2014-107167","Order Date":"6/11/21","Date":"6/15/21","Ship Mode":"Standard Class","Customer ID":"ND-18460","Customer":"Neil Ducich","Segment":"Corporate","Country":"United States","City":"Jacksonville","State":"Florida","Postal Code":"32216","Region":"South","Product ID":"OFF-ST-10003805","Category":"Office Supplies","Sub-Category":"Storage","Product":"24 Capacity Maxi Data Binder Racks, Pearl","Sales":"1347.52","Quantity":"8","Discount":"20","Profit":"84.22"},{"Row ID":"4564","Order ID":"CA-2014-129490","Order Date":"9/27/21","Date":"10/1/21","Ship Mode":"Standard Class","Customer ID":"SJ-20125","Customer":"Sanjit Jacobs","Segment":"Office","Country":"United States","City":"Miramar","State":"Florida","Postal Code":"33023","Region":"South","Product ID":"FUR-CH-10003298","Category":"Furniture","Sub-Category":"Chairs","Product":"Office Star - Contemporary Task Swivel chair with Loop Arms, Charcoal","Sales":"419.136","Quantity":"4","Discount":"20","Profit":"-57.6312"},{"Row ID":"4613","Order ID":"US-2014-165953","Order Date":"1/1/21","Date":"1/7/21","Ship Mode":"Standard Class","Customer ID":"EP-13915","Customer":"Emily Phan","Segment":"Consumer","Country":"United States","City":"Jacksonville","State":"Florida","Postal Code":"32216","Region":"South","Product ID":"OFF-AR-10000588","Category":"Office Supplies","Sub-Category":"Art","Product":"Newell 345","Sales":"47.616","Quantity":"3","Discount":"20","Profit":"3.5712"},{"Row ID":"4614","Order ID":"US-2014-165953","Order Date":"1/1/21","Date":"1/7/21","Ship Mode":"Standard Class","Customer ID":"EP-13915","Customer":"Emily Phan","Segment":"Consumer","Country":"United States","City":"Jacksonville","State":"Florida","Postal Code":"32216","Region":"South","Product ID":"OFF-PA-10002250","Category":"Office Supplies","Sub-Category":"Paper","Product":"Things To Do Today Pad","Sales":"23.48","Quantity":"5","Discount":"20","Profit":"8.218"},{"Row ID":"4664","Order ID":"CA-2013-111409","Order Date":"9/19/20","Date":"9/23/20","Ship Mode":"Standard Class","Customer ID":"PO-18850","Customer":"Patrick O'Brill","Segment":"Consumer","Country":"United States","City":"Jacksonville","State":"Florida","Postal Code":"32216","Region":"South","Product ID":"OFF-LA-10002787","Category":"Office Supplies","Sub-Category":"Labels","Product":"Avery 480","Sales":"3","Quantity":"1","Discount":"20","Profit":"1.05"},{"Row ID":"4665","Order ID":"CA-2013-116232","Order Date":"9/23/20","Date":"9/27/20","Ship Mode":"Standard Class","Customer ID":"AC-10450","Customer":"Amy Cox","Segment":"Consumer","Country":"United States","City":"Pembroke Pines","State":"Florida","Postal Code":"33024","Region":"South","Product ID":"OFF-BI-10004022","Category":"Office Supplies","Sub-Category":"Binders","Product":"Acco Suede Grain Vinyl Round Ring Binder","Sales":"7.506","Quantity":"9","Discount":"70","Profit":"-6.0048"},{"Row ID":"4666","Order ID":"CA-2013-116232","Order Date":"9/23/20","Date":"9/27/20","Ship Mode":"Standard Class","Customer ID":"AC-10450","Customer":"Amy Cox","Segment":"Consumer","Country":"United States","City":"Pembroke Pines","State":"Florida","Postal Code":"33024","Region":"South","Product ID":"OFF-LA-10001158","Category":"Office Supplies","Sub-Category":"Labels","Product":"Avery Address/Shipping Labels for Typewriters, 4\" x 2\"","Sales":"16.56","Quantity":"2","Discount":"20","Profit":"5.796"},{"Row ID":"4725","Order ID":"CA-2013-131968","Order Date":"11/12/20","Date":"11/16/20","Ship Mode":"Standard Class","Customer ID":"LB-16795","Customer":"Laurel Beltran","Segment":"Office","Country":"United States","City":"Apopka","State":"Florida","Postal Code":"32712","Region":"South","Product ID":"OFF-BI-10002852","Category":"Office Supplies","Sub-Category":"Binders","Product":"Ibico Standard Transparent Covers","Sales":"9.888","Quantity":"2","Discount":"70","Profit":"-6.9216"},{"Row ID":"4726","Order ID":"CA-2013-131968","Order Date":"11/12/20","Date":"11/16/20","Ship Mode":"Standard Class","Customer ID":"LB-16795","Customer":"Laurel Beltran","Segment":"Office","Country":"United States","City":"Apopka","State":"Florida","Postal Code":"32712","Region":"South","Product ID":"OFF-AP-10001058","Category":"Office Supplies","Sub-Category":"Appliances","Product":"Sanyo 2.5 Cubic Foot Mid-Size Office Refrigerators","Sales":"671.544","Quantity":"3","Discount":"20","Profit":"50.3658"},{"Row ID":"4755","Order ID":"CA-2014-126354","Order Date":"2/4/21","Date":"2/9/21","Ship Mode":"Standard Class","Customer ID":"SC-20380","Customer":"Shahid Collister","Segment":"Consumer","Country":"United States","City":"Pembroke Pines","State":"Florida","Postal Code":"33024","Region":"South","Product ID":"OFF-BI-10000301","Category":"Office Supplies","Sub-Category":"Binders","Product":"GBC Instant Report Kit","Sales":"3.882","Quantity":"2","Discount":"70","Profit":"-2.588"},{"Row ID":"4756","Order ID":"CA-2014-126354","Order Date":"2/4/21","Date":"2/9/21","Ship Mode":"Standard Class","Customer ID":"SC-20380","Customer":"Shahid Collister","Segment":"Consumer","Country":"United States","City":"Pembroke Pines","State":"Florida","Postal Code":"33024","Region":"South","Product ID":"OFF-PA-10004381","Category":"Office Supplies","Sub-Category":"Paper","Product":"14-7/8 x 11 Blue Bar Computer Printout Paper","Sales":"115.296","Quantity":"3","Discount":"20","Profit":"40.3536"},{"Row ID":"4797","Order ID":"US-2013-148901","Order Date":"5/15/20","Date":"5/20/20","Ship Mode":"Standard Class","Customer ID":"MK-17905","Customer":"Michael Kennedy","Segment":"Corporate","Country":"United States","City":"Jacksonville","State":"Florida","Postal Code":"32216","Region":"South","Product ID":"OFF-BI-10001718","Category":"Office Supplies","Sub-Category":"Binders","Product":"GBC DocuBind P50 Personal Binding Machine","Sales":"57.582","Quantity":"3","Discount":"70","Profit":"-44.1462"},{"Row ID":"4798","Order ID":"US-2013-148901","Order Date":"5/15/20","Date":"5/20/20","Ship Mode":"Standard Class","Customer ID":"MK-17905","Customer":"Michael Kennedy","Segment":"Corporate","Country":"United States","City":"Jacksonville","State":"Florida","Postal Code":"32216","Region":"South","Product ID":"OFF-PA-10004983","Category":"Office Supplies","Sub-Category":"Paper","Product":"Xerox 23","Sales":"31.104","Quantity":"6","Discount":"20","Profit":"10.8864"},{"Row ID":"4799","Order ID":"US-2013-148901","Order Date":"5/15/20","Date":"5/20/20","Ship Mode":"Standard Class","Customer ID":"MK-17905","Customer":"Michael Kennedy","Segment":"Corporate","Country":"United States","City":"Jacksonville","State":"Florida","Postal Code":"32216","Region":"South","Product ID":"FUR-FU-10002396","Category":"Furniture","Sub-Category":"Furnishings","Product":"DAX Copper Panel Document Frame, 5 x 7 Size","Sales":"30.192","Quantity":"3","Discount":"20","Profit":"8.3028"},{"Row ID":"4800","Order ID":"US-2013-148901","Order Date":"5/15/20","Date":"5/20/20","Ship Mode":"Standard Class","Customer ID":"MK-17905","Customer":"Michael Kennedy","Segment":"Corporate","Country":"United States","City":"Jacksonville","State":"Florida","Postal Code":"32216","Region":"South","Product ID":"TEC-PH-10003988","Category":"Technology","Sub-Category":"Phones","Product":"LF Elite 3D Dazzle Designer Hard Case Cover, Lf Stylus Pen and Wiper For Apple Iphone 5c Mini Lite","Sales":"43.6","Quantity":"5","Discount":"20","Profit":"4.36"},{"Row ID":"4801","Order ID":"US-2013-148901","Order Date":"5/15/20","Date":"5/20/20","Ship Mode":"Standard Class","Customer ID":"MK-17905","Customer":"Michael Kennedy","Segment":"Corporate","Country":"United States","City":"Jacksonville","State":"Florida","Postal Code":"32216","Region":"South","Product ID":"OFF-AR-10002467","Category":"Office Supplies","Sub-Category":"Art","Product":"Dixon Ticonderoga Pencils","Sales":"4.768","Quantity":"2","Discount":"20","Profit":"0.4172"},{"Row ID":"4802","Order ID":"US-2013-148901","Order Date":"5/15/20","Date":"5/20/20","Ship Mode":"Standard Class","Customer ID":"MK-17905","Customer":"Michael Kennedy","Segment":"Corporate","Country":"United States","City":"Jacksonville","State":"Florida","Postal Code":"32216","Region":"South","Product ID":"OFF-BI-10004002","Category":"Office Supplies","Sub-Category":"Binders","Product":"Wilson Jones International Size A4 Ring Binders","Sales":"10.38","Quantity":"2","Discount":"70","Profit":"-7.612"},{"Row ID":"4803","Order ID":"US-2013-148901","Order Date":"5/15/20","Date":"5/20/20","Ship Mode":"Standard Class","Customer ID":"MK-17905","Customer":"Michael Kennedy","Segment":"Corporate","Country":"United States","City":"Jacksonville","State":"Florida","Postal Code":"32216","Region":"South","Product ID":"OFF-BI-10002309","Category":"Office Supplies","Sub-Category":"Binders","Product":"Avery Heavy-Duty EZD  Binder With Locking Rings","Sales":"13.392","Quantity":"8","Discount":"70","Profit":"-9.8208"},{"Row ID":"4879","Order ID":"US-2013-131891","Order Date":"7/30/20","Date":"8/1/20","Ship Mode":"First Class","Customer ID":"PW-19240","Customer":"Pierre Wener","Segment":"Consumer","Country":"United States","City":"Pensacola","State":"Florida","Postal Code":"32503","Region":"South","Product ID":"OFF-BI-10000201","Category":"Office Supplies","Sub-Category":"Binders","Product":"Avery Triangle Shaped Sheet Lifters, Black, 2/Pack","Sales":"2.214","Quantity":"3","Discount":"70","Profit":"-1.476"},{"Row ID":"4965","Order ID":"CA-2013-141180","Order Date":"5/16/20","Date":"5/20/20","Ship Mode":"Second Class","Customer ID":"DP-13000","Customer":"Darren Powers","Segment":"Consumer","Country":"United States","City":"Fort Lauderdale","State":"Florida","Postal Code":"33311","Region":"South","Product ID":"OFF-BI-10000301","Category":"Office Supplies","Sub-Category":"Binders","Product":"GBC Instant Report Kit","Sales":"7.764","Quantity":"4","Discount":"70","Profit":"-5.176"},{"Row ID":"4971","Order ID":"US-2013-153815","Order Date":"11/7/20","Date":"11/10/20","Ship Mode":"First Class","Customer ID":"KL-16555","Customer":"Kelly Lampkin","Segment":"Corporate","Country":"United States","City":"Jacksonville","State":"Florida","Postal Code":"32216","Region":"South","Product ID":"FUR-CH-10000513","Category":"Furniture","Sub-Category":"Chairs","Product":"High-Back Leather Manager's Chair","Sales":"207.984","Quantity":"2","Discount":"20","Profit":"-28.5978"},{"Row ID":"4972","Order ID":"US-2013-153815","Order Date":"11/7/20","Date":"11/10/20","Ship Mode":"First Class","Customer ID":"KL-16555","Customer":"Kelly Lampkin","Segment":"Corporate","Country":"United States","City":"Jacksonville","State":"Florida","Postal Code":"32216","Region":"South","Product ID":"OFF-PA-10002421","Category":"Office Supplies","Sub-Category":"Paper","Product":"Embossed Ink Jet Note Cards","Sales":"36.112","Quantity":"2","Discount":"20","Profit":"12.6392"},{"Row ID":"4973","Order ID":"US-2013-153815","Order Date":"11/7/20","Date":"11/10/20","Ship Mode":"First Class","Customer ID":"KL-16555","Customer":"Kelly Lampkin","Segment":"Corporate","Country":"United States","City":"Jacksonville","State":"Florida","Postal Code":"32216","Region":"South","Product ID":"FUR-FU-10004090","Category":"Furniture","Sub-Category":"Furnishings","Product":"Executive Impressions 14\" Contract Wall Clock","Sales":"35.568","Quantity":"2","Discount":"20","Profit":"5.7798"},{"Row ID":"4974","Order ID":"US-2013-153815","Order Date":"11/7/20","Date":"11/10/20","Ship Mode":"First Class","Customer ID":"KL-16555","Customer":"Kelly Lampkin","Segment":"Corporate","Country":"United States","City":"Jacksonville","State":"Florida","Postal Code":"32216","Region":"South","Product ID":"OFF-PA-10004071","Category":"Office Supplies","Sub-Category":"Paper","Product":"Eaton Premium Continuous-Feed Paper, 25% Cotton, Letter Size, White, 1000 Shts/Box","Sales":"88.768","Quantity":"2","Discount":"20","Profit":"31.0688"},{"Row ID":"4976","Order ID":"CA-2012-142202","Order Date":"9/18/19","Date":"9/23/19","Ship Mode":"Second Class","Customer ID":"JR-16210","Customer":"Justin Ritter","Segment":"Corporate","Country":"United States","City":"Jacksonville","State":"Florida","Postal Code":"32216","Region":"South","Product ID":"TEC-AC-10003198","Category":"Technology","Sub-Category":"Accessories","Product":"Enermax Acrylux Wireless Keyboard","Sales":"717.12","Quantity":"9","Discount":"20","Profit":"152.388"},{"Row ID":"5106","Order ID":"CA-2011-116568","Order Date":"12/14/18","Date":"12/20/18","Ship Mode":"Standard Class","Customer ID":"BM-11785","Customer":"Bryan Mills","Segment":"Consumer","Country":"United States","City":"Deltona","State":"Florida","Postal Code":"32725","Region":"South","Product ID":"FUR-CH-10002439","Category":"Furniture","Sub-Category":"Chairs","Product":"Iceberg Nesting Folding Chair, 19w x 6d x 43h","Sales":"186.304","Quantity":"4","Discount":"20","Profit":"13.9728"},{"Row ID":"5133","Order ID":"CA-2012-123330","Order Date":"6/21/19","Date":"6/27/19","Ship Mode":"Standard Class","Customer ID":"EP-13915","Customer":"Emily Phan","Segment":"Consumer","Country":"United States","City":"Deltona","State":"Florida","Postal Code":"32725","Region":"South","Product ID":"TEC-PH-10001819","Category":"Technology","Sub-Category":"Phones","Product":"Innergie mMini Combo Duo USB Travel Charging Kit","Sales":"107.976","Quantity":"3","Discount":"20","Profit":"37.7916"},{"Row ID":"5186","Order ID":"CA-2012-134719","Order Date":"10/10/19","Date":"10/15/19","Ship Mode":"Standard Class","Customer ID":"JD-15790","Customer":"John Dryer","Segment":"Consumer","Country":"United States","City":"Jacksonville","State":"Florida","Postal Code":"32216","Region":"South","Product ID":"OFF-ST-10004459","Category":"Office Supplies","Sub-Category":"Storage","Product":"Tennsco Single-Tier Lockers","Sales":"1801.632","Quantity":"6","Discount":"20","Profit":"-337.806"},{"Row ID":"5274","Order ID":"US-2013-158309","Order Date":"11/27/20","Date":"11/30/20","Ship Mode":"First Class","Customer ID":"PA-19060","Customer":"Pete Armstrong","Segment":"Office","Country":"United States","City":"Miami","State":"Florida","Postal Code":"33142","Region":"South","Product ID":"OFF-BI-10000145","Category":"Office Supplies","Sub-Category":"Binders","Product":"Zipper Ring Binder Pockets","Sales":"3.744","Quantity":"4","Discount":"70","Profit":"-2.6208"},{"Row ID":"5293","Order ID":"CA-2014-151218","Order Date":"6/21/21","Date":"6/24/21","Ship Mode":"First Class","Customer ID":"PJ-19015","Customer":"Pauline Johnson","Segment":"Consumer","Country":"United States","City":"Miami","State":"Florida","Postal Code":"33180","Region":"South","Product ID":"OFF-ST-10004835","Category":"Office Supplies","Sub-Category":"Storage","Product":"Plastic Stacking Crates & Casters","Sales":"4.464","Quantity":"1","Discount":"20","Profit":"0.3348"},{"Row ID":"5430","Order ID":"CA-2011-136861","Order Date":"9/5/18","Date":"9/7/18","Ship Mode":"First Class","Customer ID":"PR-18880","Customer":"Patrick Ryan","Segment":"Consumer","Country":"United States","City":"Saint Petersburg","State":"Florida","Postal Code":"33710","Region":"South","Product ID":"FUR-FU-10001967","Category":"Furniture","Sub-Category":"Furnishings","Product":"Telescoping Adjustable Floor Lamp","Sales":"31.984","Quantity":"2","Discount":"20","Profit":"1.999"},{"Row ID":"5437","Order ID":"CA-2011-103317","Order Date":"7/5/18","Date":"7/8/18","Ship Mode":"First Class","Customer ID":"DM-13525","Customer":"Don Miller","Segment":"Corporate","Country":"United States","City":"Palm Coast","State":"Florida","Postal Code":"32137","Region":"South","Product ID":"FUR-FU-10001591","Category":"Furniture","Sub-Category":"Furnishings","Product":"Advantus Panel Wall Certificate Holder - 8.5x11","Sales":"19.52","Quantity":"2","Discount":"20","Profit":"5.368"},{"Row ID":"5438","Order ID":"CA-2011-103317","Order Date":"7/5/18","Date":"7/8/18","Ship Mode":"First Class","Customer ID":"DM-13525","Customer":"Don Miller","Segment":"Corporate","Country":"United States","City":"Palm Coast","State":"Florida","Postal Code":"32137","Region":"South","Product ID":"OFF-BI-10001787","Category":"Office Supplies","Sub-Category":"Binders","Product":"Wilson Jones Four-Pocket Poly Binders","Sales":"9.81","Quantity":"5","Discount":"70","Profit":"-6.867"},{"Row ID":"5439","Order ID":"CA-2011-103317","Order Date":"7/5/18","Date":"7/8/18","Ship Mode":"First Class","Customer ID":"DM-13525","Customer":"Don Miller","Segment":"Corporate","Country":"United States","City":"Palm Coast","State":"Florida","Postal Code":"32137","Region":"South","Product ID":"FUR-FU-10003192","Category":"Furniture","Sub-Category":"Furnishings","Product":"Luxo Adjustable Task Clamp Lamp","Sales":"213.216","Quantity":"3","Discount":"20","Profit":"15.9912"},{"Row ID":"5441","Order ID":"US-2014-153633","Order Date":"11/14/21","Date":"11/19/21","Ship Mode":"Second Class","Customer ID":"TC-21295","Customer":"Toby Carlisle","Segment":"Consumer","Country":"United States","City":"Jupiter","State":"Florida","Postal Code":"33458","Region":"South","Product ID":"OFF-AR-10002335","Category":"Office Supplies","Sub-Category":"Art","Product":"DIXON Oriole Pencils","Sales":"2.064","Quantity":"1","Discount":"20","Profit":"0.1548"},{"Row ID":"5480","Order ID":"CA-2011-101770","Order Date":"3/31/18","Date":"4/4/18","Ship Mode":"Standard Class","Customer ID":"KB-16240","Customer":"Karen Bern","Segment":"Corporate","Country":"United States","City":"Miami","State":"Florida","Postal Code":"33180","Region":"South","Product ID":"OFF-BI-10001097","Category":"Office Supplies","Sub-Category":"Binders","Product":"Avery Hole Reinforcements","Sales":"1.869","Quantity":"1","Discount":"70","Profit":"-1.3083"},{"Row ID":"5485","Order ID":"CA-2014-148999","Order Date":"1/31/21","Date":"2/5/21","Ship Mode":"Standard Class","Customer ID":"EB-13870","Customer":"Emily Burns","Segment":"Consumer","Country":"United States","City":"Miami","State":"Florida","Postal Code":"33142","Region":"South","Product ID":"FUR-CH-10002044","Category":"Furniture","Sub-Category":"Chairs","Product":"Office Star - Contemporary Task Swivel chair with 2-way adjustable arms, Plum","Sales":"419.136","Quantity":"4","Discount":"20","Profit":"-68.1096"},{"Row ID":"5486","Order ID":"CA-2011-107573","Order Date":"12/12/18","Date":"12/17/18","Ship Mode":"Standard Class","Customer ID":"PB-19150","Customer":"Philip Brown","Segment":"Consumer","Country":"United States","City":"Miami","State":"Florida","Postal Code":"33178","Region":"South","Product ID":"OFF-EN-10001099","Category":"Office Supplies","Sub-Category":"Envelopes","Product":"Staples","Sales":"23.472","Quantity":"3","Discount":"20","Profit":"7.6284"},{"Row ID":"5488","Order ID":"CA-2014-134495","Order Date":"4/2/21","Date":"4/5/21","Ship Mode":"Second Class","Customer ID":"BF-11020","Customer":"Barry Französisch","Segment":"Corporate","Country":"United States","City":"Jacksonville","State":"Florida","Postal Code":"32216","Region":"South","Product ID":"TEC-PH-10004897","Category":"Technology","Sub-Category":"Phones","Product":"Mediabridge Sport Armband iPhone 5s","Sales":"23.976","Quantity":"3","Discount":"20","Profit":"-5.6943"},{"Row ID":"5489","Order ID":"CA-2014-134495","Order Date":"4/2/21","Date":"4/5/21","Ship Mode":"Second Class","Customer ID":"BF-11020","Customer":"Barry Französisch","Segment":"Corporate","Country":"United States","City":"Jacksonville","State":"Florida","Postal Code":"32216","Region":"South","Product ID":"OFF-LA-10000262","Category":"Office Supplies","Sub-Category":"Labels","Product":"Avery 494","Sales":"6.264","Quantity":"3","Discount":"20","Profit":"2.0358"},{"Row ID":"5490","Order ID":"CA-2014-134495","Order Date":"4/2/21","Date":"4/5/21","Ship Mode":"Second Class","Customer ID":"BF-11020","Customer":"Barry Französisch","Segment":"Corporate","Country":"United States","City":"Jacksonville","State":"Florida","Postal Code":"32216","Region":"South","Product ID":"OFF-AP-10002222","Category":"Office Supplies","Sub-Category":"Appliances","Product":"Staples","Sales":"20.808","Quantity":"3","Discount":"20","Profit":"1.8207"},{"Row ID":"5491","Order ID":"CA-2014-134495","Order Date":"4/2/21","Date":"4/5/21","Ship Mode":"Second Class","Customer ID":"BF-11020","Customer":"Barry Französisch","Segment":"Corporate","Country":"United States","City":"Jacksonville","State":"Florida","Postal Code":"32216","Region":"South","Product ID":"FUR-CH-10003774","Category":"Furniture","Sub-Category":"Chairs","Product":"Global Wood Trimmed Manager's Task Chair, Khaki","Sales":"218.352","Quantity":"3","Discount":"20","Profit":"-19.1058"},{"Row ID":"5529","Order ID":"CA-2012-137106","Order Date":"3/31/19","Date":"4/4/19","Ship Mode":"Standard Class","Customer ID":"SC-20260","Customer":"Scott Cohen","Segment":"Corporate","Country":"United States","City":"Jacksonville","State":"Florida","Postal Code":"32216","Region":"South","Product ID":"TEC-PH-10000011","Category":"Technology","Sub-Category":"Phones","Product":"PureGear Roll-On Screen Protector","Sales":"79.96","Quantity":"5","Discount":"20","Profit":"27.986"},{"Row ID":"5628","Order ID":"CA-2014-148810","Order Date":"6/27/21","Date":"7/2/21","Ship Mode":"Standard Class","Customer ID":"DR-12880","Customer":"Dan Reichenbach","Segment":"Corporate","Country":"United States","City":"Miami","State":"Florida","Postal Code":"33180","Region":"South","Product ID":"OFF-LA-10004689","Category":"Office Supplies","Sub-Category":"Labels","Product":"Avery 512","Sales":"13.872","Quantity":"6","Discount":"20","Profit":"4.6818"},{"Row ID":"5629","Order ID":"CA-2014-148810","Order Date":"6/27/21","Date":"7/2/21","Ship Mode":"Standard Class","Customer ID":"DR-12880","Customer":"Dan Reichenbach","Segment":"Corporate","Country":"United States","City":"Miami","State":"Florida","Postal Code":"33180","Region":"South","Product ID":"FUR-CH-10001545","Category":"Furniture","Sub-Category":"Chairs","Product":"Hon Comfortask Task/Swivel Chairs","Sales":"273.552","Quantity":"3","Discount":"20","Profit":"-13.6776"},{"Row ID":"5687","Order ID":"CA-2011-131541","Order Date":"7/28/18","Date":"7/28/18","Ship Mode":"Same Day","Customer ID":"CK-12205","Customer":"Chloris Kastensmidt","Segment":"Consumer","Country":"United States","City":"Apopka","State":"Florida","Postal Code":"32712","Region":"South","Product ID":"OFF-FA-10000621","Category":"Office Supplies","Sub-Category":"Fasteners","Product":"OIC Colored Binder Clips, Assorted Sizes","Sales":"14.32","Quantity":"5","Discount":"20","Profit":"5.191"},{"Row ID":"5688","Order ID":"CA-2011-131541","Order Date":"7/28/18","Date":"7/28/18","Ship Mode":"Same Day","Customer ID":"CK-12205","Customer":"Chloris Kastensmidt","Segment":"Consumer","Country":"United States","City":"Apopka","State":"Florida","Postal Code":"32712","Region":"South","Product ID":"FUR-FU-10003623","Category":"Furniture","Sub-Category":"Furnishings","Product":"DataProducts Ampli Magnifier Task Lamp, Black,","Sales":"129.888","Quantity":"6","Discount":"20","Profit":"12.9888"},{"Row ID":"5689","Order ID":"CA-2011-131541","Order Date":"7/28/18","Date":"7/28/18","Ship Mode":"Same Day","Customer ID":"CK-12205","Customer":"Chloris Kastensmidt","Segment":"Consumer","Country":"United States","City":"Apopka","State":"Florida","Postal Code":"32712","Region":"South","Product ID":"OFF-EN-10000781","Category":"Office Supplies","Sub-Category":"Envelopes","Product":"#10- 4 1/8\" x 9 1/2\" Recycled Envelopes","Sales":"48.944","Quantity":"7","Discount":"20","Profit":"16.5186"},{"Row ID":"5759","Order ID":"CA-2012-149300","Order Date":"11/22/19","Date":"11/23/19","Ship Mode":"First Class","Customer ID":"BH-11710","Customer":"Brosina Hoffman","Segment":"Consumer","Country":"United States","City":"Hialeah","State":"Florida","Postal Code":"33012","Region":"South","Product ID":"TEC-MA-10000423","Category":"Technology","Sub-Category":"Machines","Product":"Texas Instruments TI-34 Scientific Calculator","Sales":"32.985","Quantity":"3","Discount":"50","Profit":"-1.9791"},{"Row ID":"5789","Order ID":"CA-2014-115070","Order Date":"4/11/21","Date":"4/15/21","Ship Mode":"Second Class","Customer ID":"MG-18205","Customer":"Mitch Gastineau","Segment":"Corporate","Country":"United States","City":"Jacksonville","State":"Florida","Postal Code":"32216","Region":"South","Product ID":"FUR-FU-10003829","Category":"Furniture","Sub-Category":"Furnishings","Product":"Stackable Trays","Sales":"12.32","Quantity":"5","Discount":"20","Profit":"1.848"},{"Row ID":"5790","Order ID":"CA-2014-115070","Order Date":"4/11/21","Date":"4/15/21","Ship Mode":"Second Class","Customer ID":"MG-18205","Customer":"Mitch Gastineau","Segment":"Corporate","Country":"United States","City":"Jacksonville","State":"Florida","Postal Code":"32216","Region":"South","Product ID":"OFF-BI-10003712","Category":"Office Supplies","Sub-Category":"Binders","Product":"Acco Pressboard Covers with Storage Hooks, 14 7/8\" x 11\", Light Blue","Sales":"4.419","Quantity":"3","Discount":"70","Profit":"-3.0933"},{"Row ID":"5815","Order ID":"US-2012-106495","Order Date":"6/15/19","Date":"6/17/19","Ship Mode":"First Class","Customer ID":"AC-10450","Customer":"Amy Cox","Segment":"Consumer","Country":"United States","City":"Tampa","State":"Florida","Postal Code":"33614","Region":"South","Product ID":"TEC-AC-10002718","Category":"Technology","Sub-Category":"Accessories","Product":"Belkin Standard 104 key USB Keyboard","Sales":"11.672","Quantity":"1","Discount":"20","Profit":"-0.7295"},{"Row ID":"5835","Order ID":"CA-2012-101868","Order Date":"6/9/19","Date":"6/16/19","Ship Mode":"Standard Class","Customer ID":"MJ-17740","Customer":"Max Jones","Segment":"Consumer","Country":"United States","City":"Miami","State":"Florida","Postal Code":"33178","Region":"South","Product ID":"OFF-BI-10003876","Category":"Office Supplies","Sub-Category":"Binders","Product":"Green Canvas Binder for 8-1/2\" x 14\" Sheets","Sales":"64.2","Quantity":"5","Discount":"70","Profit":"-42.8"},{"Row ID":"5836","Order ID":"CA-2012-101868","Order Date":"6/9/19","Date":"6/16/19","Ship Mode":"Standard Class","Customer ID":"MJ-17740","Customer":"Max Jones","Segment":"Consumer","Country":"United States","City":"Miami","State":"Florida","Postal Code":"33178","Region":"South","Product ID":"OFF-BI-10002133","Category":"Office Supplies","Sub-Category":"Binders","Product":"Wilson Jones Elliptical Ring 3 1/2\" Capacity Binders, 800 sheets","Sales":"38.52","Quantity":"3","Discount":"70","Profit":"-26.964"},{"Row ID":"5837","Order ID":"CA-2012-101868","Order Date":"6/9/19","Date":"6/16/19","Ship Mode":"Standard Class","Customer ID":"MJ-17740","Customer":"Max Jones","Segment":"Consumer","Country":"United States","City":"Miami","State":"Florida","Postal Code":"33178","Region":"South","Product ID":"TEC-AC-10004396","Category":"Technology","Sub-Category":"Accessories","Product":"Logitech Keyboard K120","Sales":"72.6","Quantity":"5","Discount":"20","Profit":"-8.1675"},{"Row ID":"6004","Order ID":"US-2014-146878","Order Date":"9/22/21","Date":"9/28/21","Ship Mode":"Standard Class","Customer ID":"DL-12865","Customer":"Dan Lawera","Segment":"Consumer","Country":"United States","City":"Miami","State":"Florida","Postal Code":"33142","Region":"South","Product ID":"OFF-BI-10002794","Category":"Office Supplies","Sub-Category":"Binders","Product":"Avery Trapezoid Ring Binder, 3\" Capacity, Black, 1040 sheets","Sales":"12.294","Quantity":"1","Discount":"70","Profit":"-8.6058"},{"Row ID":"6031","Order ID":"US-2014-152492","Order Date":"7/7/21","Date":"7/7/21","Ship Mode":"Same Day","Customer ID":"AH-10585","Customer":"Angele Hood","Segment":"Consumer","Country":"United States","City":"Miami","State":"Florida","Postal Code":"33142","Region":"South","Product ID":"FUR-CH-10000155","Category":"Furniture","Sub-Category":"Chairs","Product":"Global Comet Stacking Armless Chair","Sales":"239.24","Quantity":"1","Discount":"20","Profit":"23.924"},{"Row ID":"6048","Order ID":"CA-2012-105571","Order Date":"11/7/19","Date":"11/11/19","Ship Mode":"Standard Class","Customer ID":"CP-12340","Customer":"Christine Phan","Segment":"Corporate","Country":"United States","City":"Miami","State":"Florida","Postal Code":"33142","Region":"South","Product ID":"OFF-BI-10003305","Category":"Office Supplies","Sub-Category":"Binders","Product":"Avery Hanging File Binders","Sales":"16.146","Quantity":"9","Discount":"70","Profit":"-12.9168"},{"Row ID":"6049","Order ID":"CA-2012-105571","Order Date":"11/7/19","Date":"11/11/19","Ship Mode":"Standard Class","Customer ID":"CP-12340","Customer":"Christine Phan","Segment":"Corporate","Country":"United States","City":"Miami","State":"Florida","Postal Code":"33142","Region":"South","Product ID":"OFF-BI-10001359","Category":"Office Supplies","Sub-Category":"Binders","Product":"GBC DocuBind TL300 Electric Binding System","Sales":"1345.485","Quantity":"5","Discount":"70","Profit":"-1031.5385"},{"Row ID":"6106","Order ID":"CA-2012-147011","Order Date":"6/18/19","Date":"6/22/19","Ship Mode":"Standard Class","Customer ID":"HR-14830","Customer":"Harold Ryan","Segment":"Corporate","Country":"United States","City":"Miami","State":"Florida","Postal Code":"33178","Region":"South","Product ID":"OFF-AR-10002399","Category":"Office Supplies","Sub-Category":"Art","Product":"Dixon Prang Watercolor Pencils, 10-Color Set with Brush","Sales":"13.632","Quantity":"4","Discount":"20","Profit":"3.5784"},{"Row ID":"6138","Order ID":"US-2013-142251","Order Date":"11/1/20","Date":"11/5/20","Ship Mode":"Second Class","Customer ID":"FO-14305","Customer":"Frank Olsen","Segment":"Consumer","Country":"United States","City":"Hollywood","State":"Florida","Postal Code":"33021","Region":"South","Product ID":"OFF-PA-10002986","Category":"Office Supplies","Sub-Category":"Paper","Product":"Xerox 1898","Sales":"32.064","Quantity":"6","Discount":"20","Profit":"11.2224"},{"Row ID":"6161","Order ID":"CA-2011-103989","Order Date":"3/19/18","Date":"3/21/18","Ship Mode":"First Class","Customer ID":"MC-17605","Customer":"Matt Connell","Segment":"Corporate","Country":"United States","City":"Lakeland","State":"Florida","Postal Code":"33801","Region":"South","Product ID":"TEC-PH-10004667","Category":"Technology","Sub-Category":"Phones","Product":"Cisco 8x8 Inc. 6753i IP Business Phone System","Sales":"323.976","Quantity":"3","Discount":"20","Profit":"28.3479"},{"Row ID":"6162","Order ID":"CA-2011-103989","Order Date":"3/19/18","Date":"3/21/18","Ship Mode":"First Class","Customer ID":"MC-17605","Customer":"Matt Connell","Segment":"Corporate","Country":"United States","City":"Lakeland","State":"Florida","Postal Code":"33801","Region":"South","Product ID":"OFF-LA-10000443","Category":"Office Supplies","Sub-Category":"Labels","Product":"Avery 501","Sales":"11.808","Quantity":"4","Discount":"20","Profit":"3.9852"},{"Row ID":"6163","Order ID":"CA-2011-103989","Order Date":"3/19/18","Date":"3/21/18","Ship Mode":"First Class","Customer ID":"MC-17605","Customer":"Matt Connell","Segment":"Corporate","Country":"United States","City":"Lakeland","State":"Florida","Postal Code":"33801","Region":"South","Product ID":"OFF-ST-10000918","Category":"Office Supplies","Sub-Category":"Storage","Product":"Crate-A-Files","Sales":"26.16","Quantity":"3","Discount":"20","Profit":"1.962"},{"Row ID":"6164","Order ID":"CA-2011-103989","Order Date":"3/19/18","Date":"3/21/18","Ship Mode":"First Class","Customer ID":"MC-17605","Customer":"Matt Connell","Segment":"Corporate","Country":"United States","City":"Lakeland","State":"Florida","Postal Code":"33801","Region":"South","Product ID":"OFF-BI-10001196","Category":"Office Supplies","Sub-Category":"Binders","Product":"Avery Flip-Chart Easel Binder, Black","Sales":"33.57","Quantity":"5","Discount":"70","Profit":"-25.737"},{"Row ID":"6165","Order ID":"CA-2011-103989","Order Date":"3/19/18","Date":"3/21/18","Ship Mode":"First Class","Customer ID":"MC-17605","Customer":"Matt Connell","Segment":"Corporate","Country":"United States","City":"Lakeland","State":"Florida","Postal Code":"33801","Region":"South","Product ID":"FUR-FU-10003981","Category":"Furniture","Sub-Category":"Furnishings","Product":"Eldon Wave Desk Accessories","Sales":"4.992","Quantity":"3","Discount":"20","Profit":"1.3728"},{"Row ID":"6166","Order ID":"CA-2011-103989","Order Date":"3/19/18","Date":"3/21/18","Ship Mode":"First Class","Customer ID":"MC-17605","Customer":"Matt Connell","Segment":"Corporate","Country":"United States","City":"Lakeland","State":"Florida","Postal Code":"33801","Region":"South","Product ID":"FUR-FU-10002508","Category":"Furniture","Sub-Category":"Furnishings","Product":"Document Clip Frames","Sales":"20.016","Quantity":"3","Discount":"20","Profit":"5.5044"},{"Row ID":"6167","Order ID":"CA-2011-103989","Order Date":"3/19/18","Date":"3/21/18","Ship Mode":"First Class","Customer ID":"MC-17605","Customer":"Matt Connell","Segment":"Corporate","Country":"United States","City":"Lakeland","State":"Florida","Postal Code":"33801","Region":"South","Product ID":"TEC-AC-10002647","Category":"Technology","Sub-Category":"Accessories","Product":"Logitech Wireless Boombox Speaker - portable - wireless, wired","Sales":"170.24","Quantity":"2","Discount":"20","Profit":"53.2"},{"Row ID":"6257","Order ID":"CA-2012-133977","Order Date":"9/6/19","Date":"9/8/19","Ship Mode":"Second Class","Customer ID":"AT-10435","Customer":"Alyssa Tate","Segment":"Office","Country":"United States","City":"Tamarac","State":"Florida","Postal Code":"33319","Region":"South","Product ID":"OFF-BI-10003166","Category":"Office Supplies","Sub-Category":"Binders","Product":"GBC Plasticlear Binding Covers","Sales":"3.444","Quantity":"1","Discount":"70","Profit":"-2.5256"},{"Row ID":"6321","Order ID":"CA-2014-160017","Order Date":"9/29/21","Date":"10/3/21","Ship Mode":"Standard Class","Customer ID":"SP-20860","Customer":"Sung Pak","Segment":"Corporate","Country":"United States","City":"Jacksonville","State":"Florida","Postal Code":"32216","Region":"South","Product ID":"OFF-PA-10001800","Category":"Office Supplies","Sub-Category":"Paper","Product":"Xerox 220","Sales":"10.368","Quantity":"2","Discount":"20","Profit":"3.6288"},{"Row ID":"6352","Order ID":"CA-2014-161130","Order Date":"11/4/21","Date":"11/9/21","Ship Mode":"Standard Class","Customer ID":"BF-11275","Customer":"Beth Fritzler","Segment":"Corporate","Country":"United States","City":"Miami","State":"Florida","Postal Code":"33178","Region":"South","Product ID":"TEC-PH-10002549","Category":"Technology","Sub-Category":"Phones","Product":"Polycom SoundPoint IP 450 VoIP phone","Sales":"361.376","Quantity":"2","Discount":"20","Profit":"27.1032"},{"Row ID":"6415","Order ID":"CA-2014-142671","Order Date":"11/11/21","Date":"11/15/21","Ship Mode":"Second Class","Customer ID":"DR-12940","Customer":"Daniel Raglin","Segment":"Office","Country":"United States","City":"Hollywood","State":"Florida","Postal Code":"33021","Region":"South","Product ID":"OFF-BI-10004099","Category":"Office Supplies","Sub-Category":"Binders","Product":"GBC VeloBinder Strips","Sales":"11.52","Quantity":"5","Discount":"70","Profit":"-7.68"},{"Row ID":"6476","Order ID":"CA-2014-140872","Order Date":"6/4/21","Date":"6/11/21","Ship Mode":"Standard Class","Customer ID":"NR-18550","Customer":"Nick Radford","Segment":"Consumer","Country":"United States","City":"Pembroke Pines","State":"Florida","Postal Code":"33024","Region":"South","Product ID":"OFF-BI-10002432","Category":"Office Supplies","Sub-Category":"Binders","Product":"Wilson Jones Standard D-Ring Binders","Sales":"4.554","Quantity":"3","Discount":"70","Profit":"-3.4914"},{"Row ID":"6477","Order ID":"CA-2014-140872","Order Date":"6/4/21","Date":"6/11/21","Ship Mode":"Standard Class","Customer ID":"NR-18550","Customer":"Nick Radford","Segment":"Consumer","Country":"United States","City":"Pembroke Pines","State":"Florida","Postal Code":"33024","Region":"South","Product ID":"OFF-AP-10003622","Category":"Office Supplies","Sub-Category":"Appliances","Product":"Bravo II Megaboss 12-Amp Hard Body Upright, Replacement Belts, 2 Belts per Pack","Sales":"5.2","Quantity":"2","Discount":"20","Profit":"0.585"},{"Row ID":"6478","Order ID":"CA-2014-140872","Order Date":"6/4/21","Date":"6/11/21","Ship Mode":"Standard Class","Customer ID":"NR-18550","Customer":"Nick Radford","Segment":"Consumer","Country":"United States","City":"Pembroke Pines","State":"Florida","Postal Code":"33024","Region":"South","Product ID":"TEC-AC-10003832","Category":"Technology","Sub-Category":"Accessories","Product":"Logitech P710e Mobile Speakerphone","Sales":"205.992","Quantity":"1","Discount":"20","Profit":"-2.5749"},{"Row ID":"6479","Order ID":"CA-2014-140872","Order Date":"6/4/21","Date":"6/11/21","Ship Mode":"Standard Class","Customer ID":"NR-18550","Customer":"Nick Radford","Segment":"Consumer","Country":"United States","City":"Pembroke Pines","State":"Florida","Postal Code":"33024","Region":"South","Product ID":"OFF-PA-10000809","Category":"Office Supplies","Sub-Category":"Paper","Product":"Xerox 206","Sales":"15.552","Quantity":"3","Discount":"20","Profit":"5.4432"},{"Row ID":"6480","Order ID":"CA-2014-140872","Order Date":"6/4/21","Date":"6/11/21","Ship Mode":"Standard Class","Customer ID":"NR-18550","Customer":"Nick Radford","Segment":"Consumer","Country":"United States","City":"Pembroke Pines","State":"Florida","Postal Code":"33024","Region":"South","Product ID":"TEC-PH-10000441","Category":"Technology","Sub-Category":"Phones","Product":"VTech DS6151","Sales":"503.96","Quantity":"5","Discount":"20","Profit":"50.396"},{"Row ID":"6481","Order ID":"CA-2014-140872","Order Date":"6/4/21","Date":"6/11/21","Ship Mode":"Standard Class","Customer ID":"NR-18550","Customer":"Nick Radford","Segment":"Consumer","Country":"United States","City":"Pembroke Pines","State":"Florida","Postal Code":"33024","Region":"South","Product ID":"OFF-AP-10002287","Category":"Office Supplies","Sub-Category":"Appliances","Product":"Eureka Sanitaire  Multi-Pro Heavy-Duty Upright, Disposable Bags","Sales":"24.472","Quantity":"7","Discount":"20","Profit":"1.8354"},{"Row ID":"6482","Order ID":"CA-2014-140872","Order Date":"6/4/21","Date":"6/11/21","Ship Mode":"Standard Class","Customer ID":"NR-18550","Customer":"Nick Radford","Segment":"Consumer","Country":"United States","City":"Pembroke Pines","State":"Florida","Postal Code":"33024","Region":"South","Product ID":"FUR-BO-10002824","Category":"Furniture","Sub-Category":"Bookcases","Product":"Bush Mission Pointe Library","Sales":"241.568","Quantity":"2","Discount":"20","Profit":"0"},{"Row ID":"6483","Order ID":"CA-2014-140872","Order Date":"6/4/21","Date":"6/11/21","Ship Mode":"Standard Class","Customer ID":"NR-18550","Customer":"Nick Radford","Segment":"Consumer","Country":"United States","City":"Pembroke Pines","State":"Florida","Postal Code":"33024","Region":"South","Product ID":"TEC-AC-10002942","Category":"Technology","Sub-Category":"Accessories","Product":"WD My Passport Ultra 1TB Portable External Hard Drive","Sales":"110.4","Quantity":"2","Discount":"20","Profit":"-4.14"},{"Row ID":"6492","Order ID":"CA-2013-113845","Order Date":"11/21/20","Date":"11/26/20","Ship Mode":"Standard Class","Customer ID":"FA-14230","Customer":"Frank Atkinson","Segment":"Corporate","Country":"United States","City":"Orlando","State":"Florida","Postal Code":"32839","Region":"South","Product ID":"FUR-BO-10004695","Category":"Furniture","Sub-Category":"Bookcases","Product":"O'Sullivan 2-Door Barrister Bookcase in Odessa Pine","Sales":"289.568","Quantity":"2","Discount":"20","Profit":"10.8588"},{"Row ID":"6493","Order ID":"CA-2013-113845","Order Date":"11/21/20","Date":"11/26/20","Ship Mode":"Standard Class","Customer ID":"FA-14230","Customer":"Frank Atkinson","Segment":"Corporate","Country":"United States","City":"Orlando","State":"Florida","Postal Code":"32839","Region":"South","Product ID":"OFF-ST-10003327","Category":"Office Supplies","Sub-Category":"Storage","Product":"Akro-Mils 12-Gallon Tote","Sales":"39.72","Quantity":"5","Discount":"20","Profit":"4.4685"},{"Row ID":"6494","Order ID":"CA-2013-113845","Order Date":"11/21/20","Date":"11/26/20","Ship Mode":"Standard Class","Customer ID":"FA-14230","Customer":"Frank Atkinson","Segment":"Corporate","Country":"United States","City":"Orlando","State":"Florida","Postal Code":"32839","Region":"South","Product ID":"TEC-PH-10003357","Category":"Technology","Sub-Category":"Phones","Product":"Grandstream GXP2100 Mainstream Business Phone","Sales":"244.768","Quantity":"4","Discount":"20","Profit":"24.4768"},{"Row ID":"6591","Order ID":"CA-2011-164749","Order Date":"3/23/18","Date":"3/26/18","Ship Mode":"First Class","Customer ID":"BG-11740","Customer":"Bruce Geld","Segment":"Consumer","Country":"United States","City":"Delray Beach","State":"Florida","Postal Code":"33445","Region":"South","Product ID":"OFF-LA-10004484","Category":"Office Supplies","Sub-Category":"Labels","Product":"Avery 476","Sales":"9.912","Quantity":"3","Discount":"20","Profit":"3.2214"},{"Row ID":"6598","Order ID":"CA-2011-169257","Order Date":"6/6/18","Date":"6/12/18","Ship Mode":"Standard Class","Customer ID":"SV-20785","Customer":"Stewart Visinsky","Segment":"Consumer","Country":"United States","City":"Jacksonville","State":"Florida","Postal Code":"32216","Region":"South","Product ID":"OFF-BI-10002557","Category":"Office Supplies","Sub-Category":"Binders","Product":"Presstex Flexible Ring Binders","Sales":"1.365","Quantity":"1","Discount":"70","Profit":"-0.91"},{"Row ID":"6599","Order ID":"CA-2011-169257","Order Date":"6/6/18","Date":"6/12/18","Ship Mode":"Standard Class","Customer ID":"SV-20785","Customer":"Stewart Visinsky","Segment":"Consumer","Country":"United States","City":"Jacksonville","State":"Florida","Postal Code":"32216","Region":"South","Product ID":"OFF-PA-10002319","Category":"Office Supplies","Sub-Category":"Paper","Product":"Xerox 1944","Sales":"62.016","Quantity":"2","Discount":"20","Profit":"22.4808"},{"Row ID":"6707","Order ID":"CA-2013-112277","Order Date":"9/11/20","Date":"9/16/20","Ship Mode":"Standard Class","Customer ID":"SC-20695","Customer":"Steve Chapman","Segment":"Corporate","Country":"United States","City":"Fort Lauderdale","State":"Florida","Postal Code":"33311","Region":"South","Product ID":"TEC-PH-10003505","Category":"Technology","Sub-Category":"Phones","Product":"Geemarc AmpliPOWER60","Sales":"519.68","Quantity":"7","Discount":"20","Profit":"58.464"},{"Row ID":"6729","Order ID":"CA-2013-165827","Order Date":"11/5/20","Date":"11/10/20","Ship Mode":"Standard Class","Customer ID":"MF-17665","Customer":"Maureen Fritzler","Segment":"Corporate","Country":"United States","City":"Miami","State":"Florida","Postal Code":"33180","Region":"South","Product ID":"FUR-FU-10001889","Category":"Furniture","Sub-Category":"Furnishings","Product":"Ultra Door Pull Handle","Sales":"50.496","Quantity":"6","Discount":"20","Profit":"8.2056"},{"Row ID":"6735","Order ID":"CA-2012-141754","Order Date":"12/20/19","Date":"12/25/19","Ship Mode":"Standard Class","Customer ID":"EM-14200","Customer":"Evan Minnotte","Segment":"Office","Country":"United States","City":"Miami","State":"Florida","Postal Code":"33142","Region":"South","Product ID":"OFF-LA-10004093","Category":"Office Supplies","Sub-Category":"Labels","Product":"Avery 486","Sales":"11.696","Quantity":"2","Discount":"20","Profit":"3.9474"},{"Row ID":"6914","Order ID":"CA-2012-104115","Order Date":"6/12/19","Date":"6/16/19","Ship Mode":"Standard Class","Customer ID":"JH-15910","Customer":"Jonathan Howell","Segment":"Consumer","Country":"United States","City":"West Palm Beach","State":"Florida","Postal Code":"33407","Region":"South","Product ID":"TEC-PH-10002844","Category":"Technology","Sub-Category":"Phones","Product":"Speck Products Candyshell Flip Case","Sales":"55.984","Quantity":"2","Discount":"20","Profit":"4.1988"},{"Row ID":"6989","Order ID":"CA-2014-158561","Order Date":"11/12/21","Date":"11/17/21","Ship Mode":"Second Class","Customer ID":"BB-11545","Customer":"Brenda Bowman","Segment":"Corporate","Country":"United States","City":"Fort Lauderdale","State":"Florida","Postal Code":"33311","Region":"South","Product ID":"OFF-AP-10002651","Category":"Office Supplies","Sub-Category":"Appliances","Product":"Hoover Upright Vacuum With Dirt Cup","Sales":"1158.12","Quantity":"5","Discount":"20","Profit":"130.2885"},{"Row ID":"7037","Order ID":"CA-2011-124618","Order Date":"5/2/18","Date":"5/4/18","Ship Mode":"Second Class","Customer ID":"CS-11860","Customer":"Cari Schnelling","Segment":"Consumer","Country":"United States","City":"Lakeland","State":"Florida","Postal Code":"33801","Region":"South","Product ID":"TEC-CO-10004202","Category":"Technology","Sub-Category":"Copiers","Product":"Brother DCP1000 Digital 3 in 1 Multifunction Machine","Sales":"479.984","Quantity":"2","Discount":"20","Profit":"89.997"},{"Row ID":"7137","Order ID":"CA-2012-163965","Order Date":"11/20/19","Date":"11/27/19","Ship Mode":"Standard Class","Customer ID":"SS-20875","Customer":"Sung Shariari","Segment":"Consumer","Country":"United States","City":"Miami","State":"Florida","Postal Code":"33180","Region":"South","Product ID":"OFF-BI-10004728","Category":"Office Supplies","Sub-Category":"Binders","Product":"Wilson Jones Turn Tabs Binder Tool for Ring Binders","Sales":"7.23","Quantity":"5","Discount":"70","Profit":"-5.784"},{"Row ID":"7138","Order ID":"CA-2012-163965","Order Date":"11/20/19","Date":"11/27/19","Ship Mode":"Standard Class","Customer ID":"SS-20875","Customer":"Sung Shariari","Segment":"Consumer","Country":"United States","City":"Miami","State":"Florida","Postal Code":"33180","Region":"South","Product ID":"OFF-ST-10000918","Category":"Office Supplies","Sub-Category":"Storage","Product":"Crate-A-Files","Sales":"17.44","Quantity":"2","Discount":"20","Profit":"1.308"},{"Row ID":"7139","Order ID":"CA-2012-163965","Order Date":"11/20/19","Date":"11/27/19","Ship Mode":"Standard Class","Customer ID":"SS-20875","Customer":"Sung Shariari","Segment":"Consumer","Country":"United States","City":"Miami","State":"Florida","Postal Code":"33180","Region":"South","Product ID":"OFF-BI-10004593","Category":"Office Supplies","Sub-Category":"Binders","Product":"Ibico Laser Imprintable Binding System Covers","Sales":"62.88","Quantity":"4","Discount":"70","Profit":"-50.304"},{"Row ID":"7140","Order ID":"CA-2012-163965","Order Date":"11/20/19","Date":"11/27/19","Ship Mode":"Standard Class","Customer ID":"SS-20875","Customer":"Sung Shariari","Segment":"Consumer","Country":"United States","City":"Miami","State":"Florida","Postal Code":"33180","Region":"South","Product ID":"FUR-BO-10001337","Category":"Furniture","Sub-Category":"Bookcases","Product":"O'Sullivan Living Dimensions 2-Shelf Bookcases","Sales":"290.352","Quantity":"3","Discount":"20","Profit":"-36.294"},{"Row ID":"7192","Order ID":"CA-2013-116918","Order Date":"10/2/20","Date":"10/7/20","Ship Mode":"Second Class","Customer ID":"JK-15205","Customer":"Jamie Kunitz","Segment":"Consumer","Country":"United States","City":"Hialeah","State":"Florida","Postal Code":"33012","Region":"South","Product ID":"OFF-BI-10004140","Category":"Office Supplies","Sub-Category":"Binders","Product":"Avery Non-Stick Binders","Sales":"5.388","Quantity":"4","Discount":"70","Profit":"-4.49"},{"Row ID":"7193","Order ID":"CA-2013-116918","Order Date":"10/2/20","Date":"10/7/20","Ship Mode":"Second Class","Customer ID":"JK-15205","Customer":"Jamie Kunitz","Segment":"Consumer","Country":"United States","City":"Hialeah","State":"Florida","Postal Code":"33012","Region":"South","Product ID":"OFF-AR-10003631","Category":"Office Supplies","Sub-Category":"Art","Product":"Staples","Sales":"30.976","Quantity":"8","Discount":"20","Profit":"5.0336"},{"Row ID":"7201","Order ID":"CA-2013-104276","Order Date":"11/28/20","Date":"12/4/20","Ship Mode":"Standard Class","Customer ID":"HF-14995","Customer":"Herbert Flentye","Segment":"Consumer","Country":"United States","City":"Fort Lauderdale","State":"Florida","Postal Code":"33311","Region":"South","Product ID":"TEC-PH-10001944","Category":"Technology","Sub-Category":"Phones","Product":"Wi-Ex zBoost YX540 Cellular Phone Signal Booster","Sales":"116.76","Quantity":"1","Discount":"20","Profit":"14.595"},{"Row ID":"7202","Order ID":"CA-2013-104276","Order Date":"11/28/20","Date":"12/4/20","Ship Mode":"Standard Class","Customer ID":"HF-14995","Customer":"Herbert Flentye","Segment":"Consumer","Country":"United States","City":"Fort Lauderdale","State":"Florida","Postal Code":"33311","Region":"South","Product ID":"FUR-TA-10001039","Category":"Furniture","Sub-Category":"Tables","Product":"KI Adjustable-Height Table","Sales":"331.023","Quantity":"7","Discount":"45","Profit":"-114.3534"},{"Row ID":"7252","Order ID":"CA-2013-116764","Order Date":"8/28/20","Date":"9/3/20","Ship Mode":"Standard Class","Customer ID":"EM-13825","Customer":"Elizabeth Moffitt","Segment":"Corporate","Country":"United States","City":"Hollywood","State":"Florida","Postal Code":"33021","Region":"South","Product ID":"OFF-LA-10002473","Category":"Office Supplies","Sub-Category":"Labels","Product":"Avery 484","Sales":"9.216","Quantity":"4","Discount":"20","Profit":"3.3408"},{"Row ID":"7277","Order ID":"CA-2011-120670","Order Date":"11/2/18","Date":"11/6/18","Ship Mode":"Standard Class","Customer ID":"JK-16120","Customer":"Julie Kriz","Segment":"Office","Country":"United States","City":"Fort Lauderdale","State":"Florida","Postal Code":"33311","Region":"South","Product ID":"TEC-AC-10004171","Category":"Technology","Sub-Category":"Accessories","Product":"Razer Kraken 7.1 Surround Sound Over Ear USB Gaming Headset","Sales":"799.92","Quantity":"10","Discount":"20","Profit":"239.976"},{"Row ID":"7304","Order ID":"US-2014-117450","Order Date":"9/5/21","Date":"9/9/21","Ship Mode":"Standard Class","Customer ID":"DO-13645","Customer":"Doug O'Connell","Segment":"Consumer","Country":"United States","City":"Boynton Beach","State":"Florida","Postal Code":"33437","Region":"South","Product ID":"FUR-CH-10003817","Category":"Furniture","Sub-Category":"Chairs","Product":"Global Value Steno Chair, Gray","Sales":"97.184","Quantity":"2","Discount":"20","Profit":"6.074"},{"Row ID":"7305","Order ID":"US-2014-117450","Order Date":"9/5/21","Date":"9/9/21","Ship Mode":"Standard Class","Customer ID":"DO-13645","Customer":"Doug O'Connell","Segment":"Consumer","Country":"United States","City":"Boynton Beach","State":"Florida","Postal Code":"33437","Region":"South","Product ID":"OFF-PA-10000289","Category":"Office Supplies","Sub-Category":"Paper","Product":"Xerox 213","Sales":"10.368","Quantity":"2","Discount":"20","Profit":"3.6288"},{"Row ID":"7312","Order ID":"CA-2012-162761","Order Date":"10/9/19","Date":"10/13/19","Ship Mode":"Standard Class","Customer ID":"SC-20575","Customer":"Sonia Cooley","Segment":"Consumer","Country":"United States","City":"Miami","State":"Florida","Postal Code":"33178","Region":"South","Product ID":"OFF-BI-10000145","Category":"Office Supplies","Sub-Category":"Binders","Product":"Zipper Ring Binder Pockets","Sales":"1.872","Quantity":"2","Discount":"70","Profit":"-1.3104"},{"Row ID":"7313","Order ID":"CA-2012-162761","Order Date":"10/9/19","Date":"10/13/19","Ship Mode":"Standard Class","Customer ID":"SC-20575","Customer":"Sonia Cooley","Segment":"Consumer","Country":"United States","City":"Miami","State":"Florida","Postal Code":"33178","Region":"South","Product ID":"OFF-BI-10002498","Category":"Office Supplies","Sub-Category":"Binders","Product":"Clear Mylar Reinforcing Strips","Sales":"11.214","Quantity":"2","Discount":"70","Profit":"-8.5974"},{"Row ID":"7314","Order ID":"CA-2012-162761","Order Date":"10/9/19","Date":"10/13/19","Ship Mode":"Standard Class","Customer ID":"SC-20575","Customer":"Sonia Cooley","Segment":"Consumer","Country":"United States","City":"Miami","State":"Florida","Postal Code":"33178","Region":"South","Product ID":"OFF-AR-10001761","Category":"Office Supplies","Sub-Category":"Art","Product":"Avery Hi-Liter Smear-Safe Highlighters","Sales":"37.376","Quantity":"8","Discount":"20","Profit":"7.4752"},{"Row ID":"7334","Order ID":"CA-2012-125563","Order Date":"4/11/19","Date":"4/17/19","Ship Mode":"Standard Class","Customer ID":"PR-18880","Customer":"Patrick Ryan","Segment":"Consumer","Country":"United States","City":"Tampa","State":"Florida","Postal Code":"33614","Region":"South","Product ID":"FUR-FU-10001290","Category":"Furniture","Sub-Category":"Furnishings","Product":"Executive Impressions Supervisor Wall Clock","Sales":"67.36","Quantity":"2","Discount":"20","Profit":"10.104"},{"Row ID":"7335","Order ID":"CA-2012-125563","Order Date":"4/11/19","Date":"4/17/19","Ship Mode":"Standard Class","Customer ID":"PR-18880","Customer":"Patrick Ryan","Segment":"Consumer","Country":"United States","City":"Tampa","State":"Florida","Postal Code":"33614","Region":"South","Product ID":"FUR-FU-10000087","Category":"Furniture","Sub-Category":"Furnishings","Product":"Executive Impressions 14\" Two-Color Numerals Wall Clock","Sales":"54.528","Quantity":"3","Discount":"20","Profit":"14.3136"},{"Row ID":"7345","Order ID":"CA-2014-168389","Order Date":"12/12/21","Date":"12/18/21","Ship Mode":"Standard Class","Customer ID":"DV-13045","Customer":"Darrin Van Huff","Segment":"Corporate","Country":"United States","City":"Jacksonville","State":"Florida","Postal Code":"32216","Region":"South","Product ID":"FUR-TA-10004289","Category":"Furniture","Sub-Category":"Tables","Product":"BoxOffice By Design Rectangular and Half-Moon Meeting Room Tables","Sales":"721.875","Quantity":"6","Discount":"45","Profit":"-420"},{"Row ID":"7346","Order ID":"CA-2014-168389","Order Date":"12/12/21","Date":"12/18/21","Ship Mode":"Standard Class","Customer ID":"DV-13045","Customer":"Darrin Van Huff","Segment":"Corporate","Country":"United States","City":"Jacksonville","State":"Florida","Postal Code":"32216","Region":"South","Product ID":"TEC-PH-10003555","Category":"Technology","Sub-Category":"Phones","Product":"Motorola HK250 Universal Bluetooth Headset","Sales":"73.568","Quantity":"4","Discount":"20","Profit":"-16.5528"},{"Row ID":"7347","Order ID":"CA-2014-168389","Order Date":"12/12/21","Date":"12/18/21","Ship Mode":"Standard Class","Customer ID":"DV-13045","Customer":"Darrin Van Huff","Segment":"Corporate","Country":"United States","City":"Jacksonville","State":"Florida","Postal Code":"32216","Region":"South","Product ID":"OFF-AR-10001958","Category":"Office Supplies","Sub-Category":"Art","Product":"Stanley Bostitch Contemporary Electric Pencil Sharpeners","Sales":"13.584","Quantity":"1","Discount":"20","Profit":"1.3584"},{"Row ID":"7348","Order ID":"CA-2014-168389","Order Date":"12/12/21","Date":"12/18/21","Ship Mode":"Standard Class","Customer ID":"DV-13045","Customer":"Darrin Van Huff","Segment":"Corporate","Country":"United States","City":"Jacksonville","State":"Florida","Postal Code":"32216","Region":"South","Product ID":"FUR-CH-10000225","Category":"Furniture","Sub-Category":"Chairs","Product":"Global Geo Office Task Chair, Gray","Sales":"64.784","Quantity":"1","Discount":"20","Profit":"-12.147"},{"Row ID":"7369","Order ID":"CA-2014-161851","Order Date":"4/16/21","Date":"4/18/21","Ship Mode":"First Class","Customer ID":"BP-11095","Customer":"Bart Pistole","Segment":"Corporate","Country":"United States","City":"Miami","State":"Florida","Postal Code":"33180","Region":"South","Product ID":"OFF-BI-10004654","Category":"Office Supplies","Sub-Category":"Binders","Product":"VariCap6 Expandable Binder","Sales":"15.57","Quantity":"3","Discount":"70","Profit":"-11.937"},{"Row ID":"7616","Order ID":"CA-2011-148425","Order Date":"11/30/18","Date":"12/4/18","Ship Mode":"Standard Class","Customer ID":"RF-19345","Customer":"Randy Ferguson","Segment":"Corporate","Country":"United States","City":"Orlando","State":"Florida","Postal Code":"32839","Region":"South","Product ID":"OFF-BI-10000201","Category":"Office Supplies","Sub-Category":"Binders","Product":"Avery Triangle Shaped Sheet Lifters, Black, 2/Pack","Sales":"6.642","Quantity":"9","Discount":"70","Profit":"-4.428"},{"Row ID":"7730","Order ID":"US-2013-109260","Order Date":"9/27/20","Date":"10/2/20","Ship Mode":"Standard Class","Customer ID":"TN-21040","Customer":"Tanja Norvell","Segment":"Office","Country":"United States","City":"Tallahassee","State":"Florida","Postal Code":"32303","Region":"South","Product ID":"TEC-AC-10002637","Category":"Technology","Sub-Category":"Accessories","Product":"Logitech VX Revolution Cordless Laser Mouse for Notebooks (Black)","Sales":"431.976","Quantity":"3","Discount":"20","Profit":"-75.5958"},{"Row ID":"7769","Order ID":"CA-2014-154088","Order Date":"11/13/21","Date":"11/18/21","Ship Mode":"Standard Class","Customer ID":"LB-16735","Customer":"Larry Blacks","Segment":"Consumer","Country":"United States","City":"Tallahassee","State":"Florida","Postal Code":"32303","Region":"South","Product ID":"OFF-PA-10003651","Category":"Office Supplies","Sub-Category":"Paper","Product":"Xerox 1968","Sales":"26.72","Quantity":"5","Discount":"20","Profit":"9.352"},{"Row ID":"7834","Order ID":"CA-2012-128958","Order Date":"1/24/19","Date":"1/28/19","Ship Mode":"Standard Class","Customer ID":"CR-12820","Customer":"Cyra Reiten","Segment":"Office","Country":"United States","City":"West Palm Beach","State":"Florida","Postal Code":"33407","Region":"South","Product ID":"OFF-AR-10004757","Category":"Office Supplies","Sub-Category":"Art","Product":"Crayola Colored Pencils","Sales":"13.12","Quantity":"5","Discount":"20","Profit":"2.132"},{"Row ID":"7923","Order ID":"CA-2014-134096","Order Date":"9/25/21","Date":"9/30/21","Ship Mode":"Standard Class","Customer ID":"PP-18955","Customer":"Paul Prost","Segment":"Office","Country":"United States","City":"Hollywood","State":"Florida","Postal Code":"33021","Region":"South","Product ID":"TEC-PH-10000526","Category":"Technology","Sub-Category":"Phones","Product":"Vtech CS6719","Sales":"383.96","Quantity":"5","Discount":"20","Profit":"38.396"},{"Row ID":"7924","Order ID":"CA-2014-134096","Order Date":"9/25/21","Date":"9/30/21","Ship Mode":"Standard Class","Customer ID":"PP-18955","Customer":"Paul Prost","Segment":"Office","Country":"United States","City":"Hollywood","State":"Florida","Postal Code":"33021","Region":"South","Product ID":"OFF-BI-10004002","Category":"Office Supplies","Sub-Category":"Binders","Product":"Wilson Jones International Size A4 Ring Binders","Sales":"15.57","Quantity":"3","Discount":"70","Profit":"-11.418"},{"Row ID":"7962","Order ID":"CA-2014-104864","Order Date":"11/19/21","Date":"11/24/21","Ship Mode":"Second Class","Customer ID":"JS-15685","Customer":"Jim Sink","Segment":"Corporate","Country":"United States","City":"Miramar","State":"Florida","Postal Code":"33023","Region":"South","Product ID":"OFF-ST-10002301","Category":"Office Supplies","Sub-Category":"Storage","Product":"Tennsco Commercial Shelving","Sales":"81.36","Quantity":"5","Discount":"20","Profit":"-19.323"},{"Row ID":"7963","Order ID":"CA-2014-104864","Order Date":"11/19/21","Date":"11/24/21","Ship Mode":"Second Class","Customer ID":"JS-15685","Customer":"Jim Sink","Segment":"Corporate","Country":"United States","City":"Miramar","State":"Florida","Postal Code":"33023","Region":"South","Product ID":"OFF-BI-10001636","Category":"Office Supplies","Sub-Category":"Binders","Product":"Ibico Plastic and Wire Spiral Binding Combs","Sales":"20.232","Quantity":"8","Discount":"70","Profit":"-16.1856"},{"Row ID":"7964","Order ID":"CA-2014-104864","Order Date":"11/19/21","Date":"11/24/21","Ship Mode":"Second Class","Customer ID":"JS-15685","Customer":"Jim Sink","Segment":"Corporate","Country":"United States","City":"Miramar","State":"Florida","Postal Code":"33023","Region":"South","Product ID":"OFF-AP-10002684","Category":"Office Supplies","Sub-Category":"Appliances","Product":"Acco 7-Outlet Masterpiece Power Center, Wihtout Fax/Phone Line Protection","Sales":"389.056","Quantity":"4","Discount":"20","Profit":"48.632"},{"Row ID":"7965","Order ID":"CA-2014-104864","Order Date":"11/19/21","Date":"11/24/21","Ship Mode":"Second Class","Customer ID":"JS-15685","Customer":"Jim Sink","Segment":"Corporate","Country":"United States","City":"Miramar","State":"Florida","Postal Code":"33023","Region":"South","Product ID":"OFF-PA-10004609","Category":"Office Supplies","Sub-Category":"Paper","Product":"Xerox 221","Sales":"20.736","Quantity":"4","Discount":"20","Profit":"7.2576"},{"Row ID":"7966","Order ID":"CA-2014-104864","Order Date":"11/19/21","Date":"11/24/21","Ship Mode":"Second Class","Customer ID":"JS-15685","Customer":"Jim Sink","Segment":"Corporate","Country":"United States","City":"Miramar","State":"Florida","Postal Code":"33023","Region":"South","Product ID":"OFF-PA-10003309","Category":"Office Supplies","Sub-Category":"Paper","Product":"Xerox 211","Sales":"41.472","Quantity":"8","Discount":"20","Profit":"14.5152"},{"Row ID":"7992","Order ID":"CA-2013-133872","Order Date":"6/15/20","Date":"6/18/20","Ship Mode":"First Class","Customer ID":"VM-21835","Customer":"Vivian Mathis","Segment":"Consumer","Country":"United States","City":"Boca Raton","State":"Florida","Postal Code":"33433","Region":"South","Product ID":"OFF-BI-10002082","Category":"Office Supplies","Sub-Category":"Binders","Product":"GBC Twin Loop Wire Binding Elements","Sales":"39.936","Quantity":"4","Discount":"70","Profit":"-26.624"},{"Row ID":"7993","Order ID":"CA-2013-133872","Order Date":"6/15/20","Date":"6/18/20","Ship Mode":"First Class","Customer ID":"VM-21835","Customer":"Vivian Mathis","Segment":"Consumer","Country":"United States","City":"Boca Raton","State":"Florida","Postal Code":"33433","Region":"South","Product ID":"TEC-AC-10000521","Category":"Technology","Sub-Category":"Accessories","Product":"Verbatim Slim CD and DVD Storage Cases, 50/Pack","Sales":"18.464","Quantity":"2","Discount":"20","Profit":"2.308"},{"Row ID":"8137","Order ID":"CA-2013-118073","Order Date":"8/13/20","Date":"8/17/20","Ship Mode":"Standard Class","Customer ID":"CS-12490","Customer":"Cindy Schnelling","Segment":"Corporate","Country":"United States","City":"Lakeland","State":"Florida","Postal Code":"33801","Region":"South","Product ID":"FUR-TA-10002533","Category":"Furniture","Sub-Category":"Tables","Product":"BPI Conference Tables","Sales":"562.2925","Quantity":"7","Discount":"45","Profit":"-255.5875"},{"Row ID":"8207","Order ID":"CA-2012-122266","Order Date":"4/26/19","Date":"4/30/19","Ship Mode":"Standard Class","Customer ID":"SA-20830","Customer":"Sue Ann Reed","Segment":"Consumer","Country":"United States","City":"Daytona Beach","State":"Florida","Postal Code":"32114","Region":"South","Product ID":"FUR-TA-10000577","Category":"Furniture","Sub-Category":"Tables","Product":"Bretford CR4500 Series Slim Rectangular Table","Sales":"191.5155","Quantity":"1","Discount":"45","Profit":"-76.6062"},{"Row ID":"8208","Order ID":"CA-2012-122266","Order Date":"4/26/19","Date":"4/30/19","Ship Mode":"Standard Class","Customer ID":"SA-20830","Customer":"Sue Ann Reed","Segment":"Consumer","Country":"United States","City":"Daytona Beach","State":"Florida","Postal Code":"32114","Region":"South","Product ID":"OFF-AR-10004757","Category":"Office Supplies","Sub-Category":"Art","Product":"Crayola Colored Pencils","Sales":"2.624","Quantity":"1","Discount":"20","Profit":"0.4264"},{"Row ID":"8235","Order ID":"CA-2014-102204","Order Date":"5/2/21","Date":"5/7/21","Ship Mode":"Standard Class","Customer ID":"CJ-12010","Customer":"Caroline Jumper","Segment":"Consumer","Country":"United States","City":"Jacksonville","State":"Florida","Postal Code":"32216","Region":"South","Product ID":"OFF-SU-10001212","Category":"Office Supplies","Sub-Category":"Supplies","Product":"Kleencut Forged Office Shears by Acme United Corporation","Sales":"3.328","Quantity":"2","Discount":"20","Profit":"0.416"},{"Row ID":"8236","Order ID":"CA-2014-102204","Order Date":"5/2/21","Date":"5/7/21","Ship Mode":"Standard Class","Customer ID":"CJ-12010","Customer":"Caroline Jumper","Segment":"Consumer","Country":"United States","City":"Jacksonville","State":"Florida","Postal Code":"32216","Region":"South","Product ID":"FUR-TA-10001889","Category":"Furniture","Sub-Category":"Tables","Product":"Bush Advantage Collection Racetrack Conference Table","Sales":"933.262","Quantity":"4","Discount":"45","Profit":"-458.1468"},{"Row ID":"8237","Order ID":"CA-2014-102204","Order Date":"5/2/21","Date":"5/7/21","Ship Mode":"Standard Class","Customer ID":"CJ-12010","Customer":"Caroline Jumper","Segment":"Consumer","Country":"United States","City":"Jacksonville","State":"Florida","Postal Code":"32216","Region":"South","Product ID":"FUR-CH-10002024","Category":"Furniture","Sub-Category":"Chairs","Product":"HON 5400 Series Task Chairs for Big and Tall","Sales":"2803.92","Quantity":"5","Discount":"20","Profit":"0"},{"Row ID":"8238","Order ID":"CA-2014-103065","Order Date":"10/21/21","Date":"10/21/21","Ship Mode":"Same Day","Customer ID":"PT-19090","Customer":"Pete Takahito","Segment":"Consumer","Country":"United States","City":"Jacksonville","State":"Florida","Postal Code":"32216","Region":"South","Product ID":"OFF-ST-10000617","Category":"Office Supplies","Sub-Category":"Storage","Product":"Woodgrain Magazine Files by Perma","Sales":"4.768","Quantity":"2","Discount":"20","Profit":"-0.7748"},{"Row ID":"8239","Order ID":"CA-2014-103065","Order Date":"10/21/21","Date":"10/21/21","Ship Mode":"Same Day","Customer ID":"PT-19090","Customer":"Pete Takahito","Segment":"Consumer","Country":"United States","City":"Jacksonville","State":"Florida","Postal Code":"32216","Region":"South","Product ID":"OFF-PA-10000380","Category":"Office Supplies","Sub-Category":"Paper","Product":"REDIFORM Incoming/Outgoing Call Register, 11\" X 8 1/2\", 100 Messages","Sales":"6.672","Quantity":"1","Discount":"20","Profit":"2.502"},{"Row ID":"8240","Order ID":"CA-2014-103065","Order Date":"10/21/21","Date":"10/21/21","Ship Mode":"Same Day","Customer ID":"PT-19090","Customer":"Pete Takahito","Segment":"Consumer","Country":"United States","City":"Jacksonville","State":"Florida","Postal Code":"32216","Region":"South","Product ID":"OFF-AR-10003251","Category":"Office Supplies","Sub-Category":"Art","Product":"Prang Drawing Pencil Set","Sales":"4.448","Quantity":"2","Discount":"20","Profit":"1.112"},{"Row ID":"8241","Order ID":"CA-2014-103065","Order Date":"10/21/21","Date":"10/21/21","Ship Mode":"Same Day","Customer ID":"PT-19090","Customer":"Pete Takahito","Segment":"Consumer","Country":"United States","City":"Jacksonville","State":"Florida","Postal Code":"32216","Region":"South","Product ID":"FUR-FU-10000175","Category":"Furniture","Sub-Category":"Furnishings","Product":"DAX Wood Document Frame.","Sales":"43.936","Quantity":"4","Discount":"20","Profit":"6.0412"},{"Row ID":"8277","Order ID":"US-2013-139262","Order Date":"2/21/20","Date":"2/25/20","Ship Mode":"Standard Class","Customer ID":"LC-16960","Customer":"Lindsay Castell","Segment":"Office","Country":"United States","City":"Tampa","State":"Florida","Postal Code":"33614","Region":"South","Product ID":"OFF-BI-10003727","Category":"Office Supplies","Sub-Category":"Binders","Product":"Avery Durable Slant Ring Binders With Label Holder","Sales":"3.762","Quantity":"3","Discount":"70","Profit":"-2.7588"},{"Row ID":"8278","Order ID":"US-2013-139262","Order Date":"2/21/20","Date":"2/25/20","Ship Mode":"Standard Class","Customer ID":"LC-16960","Customer":"Lindsay Castell","Segment":"Office","Country":"United States","City":"Tampa","State":"Florida","Postal Code":"33614","Region":"South","Product ID":"OFF-BI-10002026","Category":"Office Supplies","Sub-Category":"Binders","Product":"Avery Arch Ring Binders","Sales":"34.86","Quantity":"2","Discount":"70","Profit":"-26.726"},{"Row ID":"8279","Order ID":"US-2013-139262","Order Date":"2/21/20","Date":"2/25/20","Ship Mode":"Standard Class","Customer ID":"LC-16960","Customer":"Lindsay Castell","Segment":"Office","Country":"United States","City":"Tampa","State":"Florida","Postal Code":"33614","Region":"South","Product ID":"OFF-ST-10001496","Category":"Office Supplies","Sub-Category":"Storage","Product":"Standard Rollaway File with Lock","Sales":"432.456","Quantity":"3","Discount":"20","Profit":"32.4342"},{"Row ID":"8287","Order ID":"CA-2011-156244","Order Date":"8/12/18","Date":"8/16/18","Ship Mode":"Standard Class","Customer ID":"DH-13675","Customer":"Duane Huffman","Segment":"Office","Country":"United States","City":"Miami","State":"Florida","Postal Code":"33180","Region":"South","Product ID":"OFF-PA-10000295","Category":"Office Supplies","Sub-Category":"Paper","Product":"Xerox 229","Sales":"31.104","Quantity":"6","Discount":"20","Profit":"10.8864"},{"Row ID":"8288","Order ID":"CA-2011-156244","Order Date":"8/12/18","Date":"8/16/18","Ship Mode":"Standard Class","Customer ID":"DH-13675","Customer":"Duane Huffman","Segment":"Office","Country":"United States","City":"Miami","State":"Florida","Postal Code":"33180","Region":"South","Product ID":"OFF-AR-10004344","Category":"Office Supplies","Sub-Category":"Art","Product":"Bulldog Vacuum Base Pencil Sharpener","Sales":"47.96","Quantity":"5","Discount":"20","Profit":"4.1965"},{"Row ID":"8289","Order ID":"CA-2011-156244","Order Date":"8/12/18","Date":"8/16/18","Ship Mode":"Standard Class","Customer ID":"DH-13675","Customer":"Duane Huffman","Segment":"Office","Country":"United States","City":"Miami","State":"Florida","Postal Code":"33180","Region":"South","Product ID":"TEC-AC-10002473","Category":"Technology","Sub-Category":"Accessories","Product":"Maxell 4.7GB DVD-R","Sales":"158.928","Quantity":"7","Discount":"20","Profit":"41.7186"},{"Row ID":"8290","Order ID":"CA-2011-156244","Order Date":"8/12/18","Date":"8/16/18","Ship Mode":"Standard Class","Customer ID":"DH-13675","Customer":"Duane Huffman","Segment":"Office","Country":"United States","City":"Miami","State":"Florida","Postal Code":"33180","Region":"South","Product ID":"OFF-AP-10002403","Category":"Office Supplies","Sub-Category":"Appliances","Product":"Acco Smartsocket Color-Coded Six-Outlet AC Adapter Model Surge Protectors","Sales":"211.248","Quantity":"6","Discount":"20","Profit":"15.8436"},{"Row ID":"8291","Order ID":"CA-2011-156244","Order Date":"8/12/18","Date":"8/16/18","Ship Mode":"Standard Class","Customer ID":"DH-13675","Customer":"Duane Huffman","Segment":"Office","Country":"United States","City":"Miami","State":"Florida","Postal Code":"33180","Region":"South","Product ID":"OFF-SU-10000432","Category":"Office Supplies","Sub-Category":"Supplies","Product":"Acco Side-Punched Conventional Columnar Pads","Sales":"5.552","Quantity":"2","Discount":"20","Profit":"-1.041"},{"Row ID":"8292","Order ID":"CA-2011-156244","Order Date":"8/12/18","Date":"8/16/18","Ship Mode":"Standard Class","Customer ID":"DH-13675","Customer":"Duane Huffman","Segment":"Office","Country":"United States","City":"Miami","State":"Florida","Postal Code":"33180","Region":"South","Product ID":"OFF-LA-10000443","Category":"Office Supplies","Sub-Category":"Labels","Product":"Avery 501","Sales":"2.952","Quantity":"1","Discount":"20","Profit":"0.9963"},{"Row ID":"8325","Order ID":"CA-2014-144456","Order Date":"9/9/21","Date":"9/10/21","Ship Mode":"First Class","Customer ID":"FC-14245","Customer":"Frank Carlisle","Segment":"Office","Country":"United States","City":"Hialeah","State":"Florida","Postal Code":"33012","Region":"South","Product ID":"OFF-ST-10001321","Category":"Office Supplies","Sub-Category":"Storage","Product":"Decoflex Hanging Personal Folder File, Blue","Sales":"61.68","Quantity":"5","Discount":"20","Profit":"5.397"},{"Row ID":"8326","Order ID":"CA-2014-144456","Order Date":"9/9/21","Date":"9/10/21","Ship Mode":"First Class","Customer ID":"FC-14245","Customer":"Frank Carlisle","Segment":"Office","Country":"United States","City":"Hialeah","State":"Florida","Postal Code":"33012","Region":"South","Product ID":"TEC-PH-10001750","Category":"Technology","Sub-Category":"Phones","Product":"Samsung Rugby III","Sales":"158.376","Quantity":"3","Discount":"20","Profit":"13.8579"},{"Row ID":"8365","Order ID":"CA-2014-137631","Order Date":"4/29/21","Date":"5/3/21","Ship Mode":"Standard Class","Customer ID":"JL-15235","Customer":"Janet Lee","Segment":"Consumer","Country":"United States","City":"Kissimmee","State":"Florida","Postal Code":"34741","Region":"South","Product ID":"TEC-PH-10002624","Category":"Technology","Sub-Category":"Phones","Product":"Samsung Galaxy S4 Mini","Sales":"751.984","Quantity":"2","Discount":"20","Profit":"84.5982"},{"Row ID":"8377","Order ID":"CA-2014-156272","Order Date":"3/22/21","Date":"3/28/21","Ship Mode":"Standard Class","Customer ID":"PW-19030","Customer":"Pauline Webber","Segment":"Corporate","Country":"United States","City":"Pompano Beach","State":"Florida","Postal Code":"33068","Region":"South","Product ID":"OFF-AP-10001242","Category":"Office Supplies","Sub-Category":"Appliances","Product":"APC 7 Outlet Network SurgeArrest Surge Protector","Sales":"64.384","Quantity":"1","Discount":"20","Profit":"8.048"},{"Row ID":"8474","Order ID":"CA-2012-169733","Order Date":"10/22/19","Date":"10/26/19","Ship Mode":"Second Class","Customer ID":"GM-14500","Customer":"Gene McClure","Segment":"Consumer","Country":"United States","City":"Hollywood","State":"Florida","Postal Code":"33021","Region":"South","Product ID":"OFF-ST-10000876","Category":"Office Supplies","Sub-Category":"Storage","Product":"Eldon Simplefile Box Office","Sales":"9.952","Quantity":"1","Discount":"20","Profit":"0.9952"},{"Row ID":"8514","Order ID":"CA-2014-141614","Order Date":"6/6/21","Date":"6/10/21","Ship Mode":"Standard Class","Customer ID":"NS-18640","Customer":"Noel Staavos","Segment":"Corporate","Country":"United States","City":"Orlando","State":"Florida","Postal Code":"32839","Region":"South","Product ID":"OFF-PA-10002787","Category":"Office Supplies","Sub-Category":"Paper","Product":"Xerox 227","Sales":"20.736","Quantity":"4","Discount":"20","Profit":"7.2576"},{"Row ID":"8556","Order ID":"CA-2012-117884","Order Date":"3/22/19","Date":"3/22/19","Ship Mode":"Same Day","Customer ID":"DC-13285","Customer":"Debra Catini","Segment":"Consumer","Country":"United States","City":"Plantation","State":"Florida","Postal Code":"33317","Region":"South","Product ID":"TEC-AC-10002567","Category":"Technology","Sub-Category":"Accessories","Product":"Logitech G602 Wireless Gaming Mouse","Sales":"447.944","Quantity":"7","Discount":"20","Profit":"89.5888"},{"Row ID":"8557","Order ID":"CA-2012-117884","Order Date":"3/22/19","Date":"3/22/19","Ship Mode":"Same Day","Customer ID":"DC-13285","Customer":"Debra Catini","Segment":"Consumer","Country":"United States","City":"Plantation","State":"Florida","Postal Code":"33317","Region":"South","Product ID":"OFF-ST-10002182","Category":"Office Supplies","Sub-Category":"Storage","Product":"Iris 3-Drawer Stacking Bin, Black","Sales":"150.408","Quantity":"9","Discount":"20","Profit":"-33.8418"},{"Row ID":"8564","Order ID":"US-2014-108315","Order Date":"5/1/21","Date":"5/5/21","Ship Mode":"Standard Class","Customer ID":"MH-18115","Customer":"Mick Hernandez","Segment":"Office","Country":"United States","City":"Sanford","State":"Florida","Postal Code":"32771","Region":"South","Product ID":"OFF-BI-10000822","Category":"Office Supplies","Sub-Category":"Binders","Product":"Acco PRESSTEX Data Binder with Storage Hooks, Light Blue, 9 1/2\" X 11\"","Sales":"4.842","Quantity":"3","Discount":"70","Profit":"-3.5508"},{"Row ID":"8565","Order ID":"US-2014-108315","Order Date":"5/1/21","Date":"5/5/21","Ship Mode":"Standard Class","Customer ID":"MH-18115","Customer":"Mick Hernandez","Segment":"Office","Country":"United States","City":"Sanford","State":"Florida","Postal Code":"32771","Region":"South","Product ID":"FUR-FU-10000747","Category":"Furniture","Sub-Category":"Furnishings","Product":"Tenex B1-RE Series Chair Mats for Low Pile Carpets","Sales":"220.704","Quantity":"6","Discount":"20","Profit":"-8.2764"},{"Row ID":"8576","Order ID":"CA-2014-101273","Order Date":"8/28/21","Date":"8/31/21","Ship Mode":"Second Class","Customer ID":"ST-20530","Customer":"Shui Tom","Segment":"Consumer","Country":"United States","City":"Port Saint Lucie","State":"Florida","Postal Code":"34952","Region":"South","Product ID":"OFF-AP-10000804","Category":"Office Supplies","Sub-Category":"Appliances","Product":"Hoover Portapower Portable Vacuum","Sales":"14.336","Quantity":"4","Discount":"20","Profit":"0.896"},{"Row ID":"8594","Order ID":"CA-2014-159667","Order Date":"11/10/21","Date":"11/14/21","Ship Mode":"Standard Class","Customer ID":"PM-19135","Customer":"Peter McVee","Segment":"Office","Country":"United States","City":"Jacksonville","State":"Florida","Postal Code":"32216","Region":"South","Product ID":"TEC-AC-10002567","Category":"Technology","Sub-Category":"Accessories","Product":"Logitech G602 Wireless Gaming Mouse","Sales":"191.976","Quantity":"3","Discount":"20","Profit":"38.3952"},{"Row ID":"8595","Order ID":"CA-2014-159667","Order Date":"11/10/21","Date":"11/14/21","Ship Mode":"Standard Class","Customer ID":"PM-19135","Customer":"Peter McVee","Segment":"Office","Country":"United States","City":"Jacksonville","State":"Florida","Postal Code":"32216","Region":"South","Product ID":"TEC-PH-10004094","Category":"Technology","Sub-Category":"Phones","Product":"Motorola L703CM","Sales":"499.168","Quantity":"4","Discount":"20","Profit":"31.198"},{"Row ID":"8624","Order ID":"CA-2012-136147","Order Date":"11/13/19","Date":"11/18/19","Ship Mode":"Standard Class","Customer ID":"FM-14380","Customer":"Fred McMath","Segment":"Consumer","Country":"United States","City":"Miami","State":"Florida","Postal Code":"33178","Region":"South","Product ID":"OFF-BI-10004224","Category":"Office Supplies","Sub-Category":"Binders","Product":"Catalog Binders with Expanding Posts","Sales":"121.104","Quantity":"6","Discount":"70","Profit":"-100.92"},{"Row ID":"8625","Order ID":"CA-2012-136147","Order Date":"11/13/19","Date":"11/18/19","Ship Mode":"Standard Class","Customer ID":"FM-14380","Customer":"Fred McMath","Segment":"Consumer","Country":"United States","City":"Miami","State":"Florida","Postal Code":"33178","Region":"South","Product ID":"TEC-AC-10004568","Category":"Technology","Sub-Category":"Accessories","Product":"Maxell LTO Ultrium - 800 GB","Sales":"111.96","Quantity":"5","Discount":"20","Profit":"-1.3995"},{"Row ID":"8661","Order ID":"CA-2014-124765","Order Date":"11/26/21","Date":"12/1/21","Ship Mode":"Standard Class","Customer ID":"HZ-14950","Customer":"Henia Zydlo","Segment":"Consumer","Country":"United States","City":"Fort Lauderdale","State":"Florida","Postal Code":"33311","Region":"South","Product ID":"FUR-BO-10003965","Category":"Furniture","Sub-Category":"Bookcases","Product":"O'Sullivan Manor Hill 2-Door Library in Brianna Oak","Sales":"723.92","Quantity":"5","Discount":"20","Profit":"-81.441"},{"Row ID":"8724","Order ID":"US-2013-135209","Order Date":"12/30/20","Date":"1/1/21","Ship Mode":"Second Class","Customer ID":"MH-17290","Customer":"Marc Harrigan","Segment":"Office","Country":"United States","City":"Miami","State":"Florida","Postal Code":"33178","Region":"South","Product ID":"OFF-PA-10002986","Category":"Office Supplies","Sub-Category":"Paper","Product":"Xerox 1898","Sales":"37.408","Quantity":"7","Discount":"20","Profit":"13.0928"},{"Row ID":"8725","Order ID":"US-2013-135209","Order Date":"12/30/20","Date":"1/1/21","Ship Mode":"Second Class","Customer ID":"MH-17290","Customer":"Marc Harrigan","Segment":"Office","Country":"United States","City":"Miami","State":"Florida","Postal Code":"33178","Region":"South","Product ID":"OFF-PA-10000143","Category":"Office Supplies","Sub-Category":"Paper","Product":"Astroparche Fine Business Paper","Sales":"25.344","Quantity":"6","Discount":"20","Profit":"8.8704"},{"Row ID":"8752","Order ID":"CA-2013-105662","Order Date":"5/6/20","Date":"5/10/20","Ship Mode":"Standard Class","Customer ID":"RB-19465","Customer":"Rick Bensley","Segment":"Office","Country":"United States","City":"Tallahassee","State":"Florida","Postal Code":"32303","Region":"South","Product ID":"OFF-PA-10001001","Category":"Office Supplies","Sub-Category":"Paper","Product":"Snap-A-Way Black Print Carbonless Speed Message, No Reply Area, Duplicate","Sales":"93.248","Quantity":"4","Discount":"20","Profit":"31.4712"},{"Row ID":"8753","Order ID":"CA-2013-105662","Order Date":"5/6/20","Date":"5/10/20","Ship Mode":"Standard Class","Customer ID":"RB-19465","Customer":"Rick Bensley","Segment":"Office","Country":"United States","City":"Tallahassee","State":"Florida","Postal Code":"32303","Region":"South","Product ID":"TEC-PH-10001198","Category":"Technology","Sub-Category":"Phones","Product":"Avaya 4621SW VoIP phone","Sales":"177.48","Quantity":"3","Discount":"20","Profit":"19.9665"},{"Row ID":"8821","Order ID":"CA-2014-100622","Order Date":"11/4/21","Date":"11/8/21","Ship Mode":"Standard Class","Customer ID":"DK-13090","Customer":"Dave Kipp","Segment":"Consumer","Country":"United States","City":"Orlando","State":"Florida","Postal Code":"32839","Region":"South","Product ID":"TEC-CO-10003236","Category":"Technology","Sub-Category":"Copiers","Product":"Canon Image Class D660 Copier","Sales":"959.984","Quantity":"2","Discount":"20","Profit":"311.9948"},{"Row ID":"8822","Order ID":"CA-2014-100622","Order Date":"11/4/21","Date":"11/8/21","Ship Mode":"Standard Class","Customer ID":"DK-13090","Customer":"Dave Kipp","Segment":"Consumer","Country":"United States","City":"Orlando","State":"Florida","Postal Code":"32839","Region":"South","Product ID":"OFF-BI-10002982","Category":"Office Supplies","Sub-Category":"Binders","Product":"Avery Self-Adhesive Photo Pockets for Polaroid Photos","Sales":"4.086","Quantity":"2","Discount":"70","Profit":"-2.9964"},{"Row ID":"8823","Order ID":"CA-2014-100622","Order Date":"11/4/21","Date":"11/8/21","Ship Mode":"Standard Class","Customer ID":"DK-13090","Customer":"Dave Kipp","Segment":"Consumer","Country":"United States","City":"Orlando","State":"Florida","Postal Code":"32839","Region":"South","Product ID":"OFF-AR-10004010","Category":"Office Supplies","Sub-Category":"Art","Product":"Hunt Boston Vacuum Mount KS Pencil Sharpener","Sales":"55.984","Quantity":"2","Discount":"20","Profit":"4.1988"},{"Row ID":"8824","Order ID":"CA-2014-100622","Order Date":"11/4/21","Date":"11/8/21","Ship Mode":"Standard Class","Customer ID":"DK-13090","Customer":"Dave Kipp","Segment":"Consumer","Country":"United States","City":"Orlando","State":"Florida","Postal Code":"32839","Region":"South","Product ID":"OFF-PA-10002947","Category":"Office Supplies","Sub-Category":"Paper","Product":"Xerox 1923","Sales":"10.688","Quantity":"2","Discount":"20","Profit":"3.7408"},{"Row ID":"8922","Order ID":"CA-2013-145709","Order Date":"10/5/20","Date":"10/9/20","Ship Mode":"Standard Class","Customer ID":"AH-10690","Customer":"Anna Häberlin","Segment":"Corporate","Country":"United States","City":"Coral Gables","State":"Florida","Postal Code":"33134","Region":"South","Product ID":"TEC-PH-10003095","Category":"Technology","Sub-Category":"Phones","Product":"Samsung HM1900 Bluetooth Headset","Sales":"52.68","Quantity":"3","Discount":"20","Profit":"19.755"},{"Row ID":"8923","Order ID":"CA-2013-145709","Order Date":"10/5/20","Date":"10/9/20","Ship Mode":"Standard Class","Customer ID":"AH-10690","Customer":"Anna Häberlin","Segment":"Corporate","Country":"United States","City":"Coral Gables","State":"Florida","Postal Code":"33134","Region":"South","Product ID":"FUR-FU-10002885","Category":"Furniture","Sub-Category":"Furnishings","Product":"Magna Visual Magnetic Picture Hangers","Sales":"11.568","Quantity":"3","Discount":"20","Profit":"2.6028"},{"Row ID":"8941","Order ID":"CA-2011-130918","Order Date":"8/22/18","Date":"8/24/18","Ship Mode":"Second Class","Customer ID":"JP-15520","Customer":"Jeremy Pistek","Segment":"Consumer","Country":"United States","City":"North Miami","State":"Florida","Postal Code":"33161","Region":"South","Product ID":"OFF-SU-10003936","Category":"Office Supplies","Sub-Category":"Supplies","Product":"Acme Serrated Blade Letter Opener","Sales":"7.632","Quantity":"3","Discount":"20","Profit":"-1.8126"},{"Row ID":"8955","Order ID":"CA-2011-156790","Order Date":"8/8/18","Date":"8/10/18","Ship Mode":"Second Class","Customer ID":"VG-21790","Customer":"Vivek Gonzalez","Segment":"Consumer","Country":"United States","City":"Jacksonville","State":"Florida","Postal Code":"32216","Region":"South","Product ID":"FUR-BO-10000468","Category":"Furniture","Sub-Category":"Bookcases","Product":"O'Sullivan 2-Shelf Heavy-Duty Bookcases","Sales":"155.456","Quantity":"4","Discount":"20","Profit":"-7.7728"},{"Row ID":"8957","Order ID":"CA-2014-105620","Order Date":"12/26/21","Date":"12/29/21","Ship Mode":"First Class","Customer ID":"JH-15430","Customer":"Jennifer Halladay","Segment":"Consumer","Country":"United States","City":"Hialeah","State":"Florida","Postal Code":"33012","Region":"South","Product ID":"FUR-FU-10004963","Category":"Furniture","Sub-Category":"Furnishings","Product":"Eldon 400 Class Desk Accessories, Black Carbon","Sales":"21","Quantity":"3","Discount":"20","Profit":"5.775"},{"Row ID":"8958","Order ID":"CA-2014-105620","Order Date":"12/26/21","Date":"12/29/21","Ship Mode":"First Class","Customer ID":"JH-15430","Customer":"Jennifer Halladay","Segment":"Consumer","Country":"United States","City":"Hialeah","State":"Florida","Postal Code":"33012","Region":"South","Product ID":"TEC-MA-10004626","Category":"Technology","Sub-Category":"Machines","Product":"Lexmark 20R1285 X6650 Wireless All-in-One Printer","Sales":"120","Quantity":"2","Discount":"50","Profit":"-7.2"},{"Row ID":"8995","Order ID":"CA-2011-109043","Order Date":"8/15/18","Date":"8/17/18","Ship Mode":"First Class","Customer ID":"CS-12355","Customer":"Christine Sundaresam","Segment":"Consumer","Country":"United States","City":"Hollywood","State":"Florida","Postal Code":"33021","Region":"South","Product ID":"OFF-PA-10000312","Category":"Office Supplies","Sub-Category":"Paper","Product":"Xerox 1955","Sales":"91.36","Quantity":"5","Discount":"20","Profit":"29.692"},{"Row ID":"8996","Order ID":"CA-2011-109043","Order Date":"8/15/18","Date":"8/17/18","Ship Mode":"First Class","Customer ID":"CS-12355","Customer":"Christine Sundaresam","Segment":"Consumer","Country":"United States","City":"Hollywood","State":"Florida","Postal Code":"33021","Region":"South","Product ID":"OFF-AP-10004708","Category":"Office Supplies","Sub-Category":"Appliances","Product":"Fellowes Superior 10 Outlet Split Surge Protector","Sales":"152.24","Quantity":"5","Discount":"20","Profit":"17.127"},{"Row ID":"9042","Order ID":"CA-2011-114335","Order Date":"9/28/18","Date":"10/3/18","Ship Mode":"Standard Class","Customer ID":"XP-21865","Customer":"Xylona Preis","Segment":"Consumer","Country":"United States","City":"Hollywood","State":"Florida","Postal Code":"33021","Region":"South","Product ID":"FUR-FU-10000277","Category":"Furniture","Sub-Category":"Furnishings","Product":"Deflect-o DuraMat Antistatic Studded Beveled Mat for Medium Pile Carpeting","Sales":"337.088","Quantity":"4","Discount":"20","Profit":"16.8544"},{"Row ID":"9138","Order ID":"CA-2011-123400","Order Date":"2/3/18","Date":"2/10/18","Ship Mode":"Standard Class","Customer ID":"EB-13930","Customer":"Eric Barreto","Segment":"Consumer","Country":"United States","City":"Saint Petersburg","State":"Florida","Postal Code":"33710","Region":"South","Product ID":"OFF-BI-10000666","Category":"Office Supplies","Sub-Category":"Binders","Product":"Surelock Post Binders","Sales":"18.336","Quantity":"2","Discount":"70","Profit":"-12.224"},{"Row ID":"9139","Order ID":"CA-2011-123400","Order Date":"2/3/18","Date":"2/10/18","Ship Mode":"Standard Class","Customer ID":"EB-13930","Customer":"Eric Barreto","Segment":"Consumer","Country":"United States","City":"Saint Petersburg","State":"Florida","Postal Code":"33710","Region":"South","Product ID":"TEC-PH-10002890","Category":"Technology","Sub-Category":"Phones","Product":"AT&T 17929 Lendline Telephone","Sales":"180.96","Quantity":"5","Discount":"20","Profit":"13.572"},{"Row ID":"9240","Order ID":"CA-2014-110310","Order Date":"10/28/21","Date":"11/3/21","Ship Mode":"Standard Class","Customer ID":"NB-18655","Customer":"Nona Balk","Segment":"Corporate","Country":"United States","City":"Tallahassee","State":"Florida","Postal Code":"32303","Region":"South","Product ID":"OFF-PA-10001685","Category":"Office Supplies","Sub-Category":"Paper","Product":"Staples","Sales":"56.784","Quantity":"7","Discount":"20","Profit":"20.5842"},{"Row ID":"9241","Order ID":"CA-2014-110310","Order Date":"10/28/21","Date":"11/3/21","Ship Mode":"Standard Class","Customer ID":"NB-18655","Customer":"Nona Balk","Segment":"Corporate","Country":"United States","City":"Tallahassee","State":"Florida","Postal Code":"32303","Region":"South","Product ID":"OFF-BI-10001097","Category":"Office Supplies","Sub-Category":"Binders","Product":"Avery Hole Reinforcements","Sales":"5.607","Quantity":"3","Discount":"70","Profit":"-3.9249"},{"Row ID":"9242","Order ID":"CA-2014-110310","Order Date":"10/28/21","Date":"11/3/21","Ship Mode":"Standard Class","Customer ID":"NB-18655","Customer":"Nona Balk","Segment":"Corporate","Country":"United States","City":"Tallahassee","State":"Florida","Postal Code":"32303","Region":"South","Product ID":"OFF-AR-10001662","Category":"Office Supplies","Sub-Category":"Art","Product":"Rogers Handheld Barrel Pencil Sharpener","Sales":"6.576","Quantity":"3","Discount":"20","Profit":"0.5754"},{"Row ID":"9276","Order ID":"CA-2013-113236","Order Date":"5/27/20","Date":"5/30/20","Ship Mode":"Second Class","Customer ID":"CP-12085","Customer":"Cathy Prescott","Segment":"Corporate","Country":"United States","City":"Delray Beach","State":"Florida","Postal Code":"33445","Region":"South","Product ID":"OFF-ST-10000532","Category":"Office Supplies","Sub-Category":"Storage","Product":"Advantus Rolling Drawer Organizers","Sales":"184.704","Quantity":"6","Discount":"20","Profit":"13.8528"},{"Row ID":"9277","Order ID":"CA-2013-113236","Order Date":"5/27/20","Date":"5/30/20","Ship Mode":"Second Class","Customer ID":"CP-12085","Customer":"Cathy Prescott","Segment":"Corporate","Country":"United States","City":"Delray Beach","State":"Florida","Postal Code":"33445","Region":"South","Product ID":"TEC-AC-10001267","Category":"Technology","Sub-Category":"Accessories","Product":"Imation 32GB Pocket Pro USB 3.0 Flash Drive - 32 GB - Black - 1 P ...","Sales":"47.92","Quantity":"2","Discount":"20","Profit":"11.98"},{"Row ID":"9283","Order ID":"CA-2013-160486","Order Date":"12/31/20","Date":"1/5/21","Ship Mode":"Standard Class","Customer ID":"EH-14185","Customer":"Evan Henry","Segment":"Consumer","Country":"United States","City":"West Palm Beach","State":"Florida","Postal Code":"33407","Region":"South","Product ID":"OFF-PA-10002421","Category":"Office Supplies","Sub-Category":"Paper","Product":"Embossed Ink Jet Note Cards","Sales":"72.224","Quantity":"4","Discount":"20","Profit":"25.2784"},{"Row ID":"9335","Order ID":"CA-2014-110198","Order Date":"5/2/21","Date":"5/3/21","Ship Mode":"First Class","Customer ID":"AG-10900","Customer":"Arthur Gainer","Segment":"Consumer","Country":"United States","City":"Coral Springs","State":"Florida","Postal Code":"33065","Region":"South","Product ID":"FUR-BO-10001798","Category":"Furniture","Sub-Category":"Bookcases","Product":"Bush Somerset Collection Bookcase","Sales":"314.352","Quantity":"3","Discount":"20","Profit":"-15.7176"},{"Row ID":"9336","Order ID":"CA-2014-110198","Order Date":"5/2/21","Date":"5/3/21","Ship Mode":"First Class","Customer ID":"AG-10900","Customer":"Arthur Gainer","Segment":"Consumer","Country":"United States","City":"Coral Springs","State":"Florida","Postal Code":"33065","Region":"South","Product ID":"OFF-LA-10004409","Category":"Office Supplies","Sub-Category":"Labels","Product":"Avery 492","Sales":"4.608","Quantity":"2","Discount":"20","Profit":"1.4976"},{"Row ID":"9380","Order ID":"CA-2011-154158","Order Date":"12/23/18","Date":"12/27/18","Ship Mode":"Second Class","Customer ID":"CC-12670","Customer":"Craig Carreira","Segment":"Consumer","Country":"United States","City":"Tampa","State":"Florida","Postal Code":"33614","Region":"South","Product ID":"OFF-PA-10001295","Category":"Office Supplies","Sub-Category":"Paper","Product":"Computer Printout Paper with Letter-Trim Perforations","Sales":"45.528","Quantity":"3","Discount":"20","Profit":"15.9348"},{"Row ID":"9381","Order ID":"CA-2011-154158","Order Date":"12/23/18","Date":"12/27/18","Ship Mode":"Second Class","Customer ID":"CC-12670","Customer":"Craig Carreira","Segment":"Consumer","Country":"United States","City":"Tampa","State":"Florida","Postal Code":"33614","Region":"South","Product ID":"FUR-CH-10004698","Category":"Furniture","Sub-Category":"Chairs","Product":"Padded Folding Chairs, Black, 4/Carton","Sales":"64.784","Quantity":"1","Discount":"20","Profit":"6.4784"},{"Row ID":"9382","Order ID":"CA-2011-154158","Order Date":"12/23/18","Date":"12/27/18","Ship Mode":"Second Class","Customer ID":"CC-12670","Customer":"Craig Carreira","Segment":"Consumer","Country":"United States","City":"Tampa","State":"Florida","Postal Code":"33614","Region":"South","Product ID":"OFF-ST-10000078","Category":"Office Supplies","Sub-Category":"Storage","Product":"Tennsco 6- and 18-Compartment Lockers","Sales":"424.272","Quantity":"2","Discount":"20","Profit":"-10.6068"},{"Row ID":"9383","Order ID":"CA-2011-154158","Order Date":"12/23/18","Date":"12/27/18","Ship Mode":"Second Class","Customer ID":"CC-12670","Customer":"Craig Carreira","Segment":"Consumer","Country":"United States","City":"Tampa","State":"Florida","Postal Code":"33614","Region":"South","Product ID":"OFF-AR-10001868","Category":"Office Supplies","Sub-Category":"Art","Product":"Prang Dustless Chalk Sticks","Sales":"1.344","Quantity":"1","Discount":"20","Profit":"0.504"},{"Row ID":"9384","Order ID":"CA-2011-154158","Order Date":"12/23/18","Date":"12/27/18","Ship Mode":"Second Class","Customer ID":"CC-12670","Customer":"Craig Carreira","Segment":"Consumer","Country":"United States","City":"Tampa","State":"Florida","Postal Code":"33614","Region":"South","Product ID":"OFF-ST-10004950","Category":"Office Supplies","Sub-Category":"Storage","Product":"Acco Perma 3000 Stacking Storage Drawers","Sales":"83.92","Quantity":"5","Discount":"20","Profit":"-1.049"},{"Row ID":"9443","Order ID":"CA-2014-165904","Order Date":"4/8/21","Date":"4/12/21","Ship Mode":"Standard Class","Customer ID":"HR-14770","Customer":"Hallie Redmond","Segment":"Office","Country":"United States","City":"Jacksonville","State":"Florida","Postal Code":"32216","Region":"South","Product ID":"OFF-AR-10003156","Category":"Office Supplies","Sub-Category":"Art","Product":"50 Colored Long Pencils","Sales":"16.256","Quantity":"2","Discount":"20","Profit":"1.2192"},{"Row ID":"9444","Order ID":"CA-2014-165904","Order Date":"4/8/21","Date":"4/12/21","Ship Mode":"Standard Class","Customer ID":"HR-14770","Customer":"Hallie Redmond","Segment":"Office","Country":"United States","City":"Jacksonville","State":"Florida","Postal Code":"32216","Region":"South","Product ID":"TEC-PH-10000576","Category":"Technology","Sub-Category":"Phones","Product":"AT&T 1080 Corded phone","Sales":"219.184","Quantity":"2","Discount":"20","Profit":"19.1786"},{"Row ID":"9515","Order ID":"CA-2011-100293","Order Date":"3/14/18","Date":"3/18/18","Ship Mode":"Standard Class","Customer ID":"NF-18475","Customer":"Neil Französisch","Segment":"Office","Country":"United States","City":"Jacksonville","State":"Florida","Postal Code":"32216","Region":"South","Product ID":"OFF-PA-10000176","Category":"Office Supplies","Sub-Category":"Paper","Product":"Xerox 1887","Sales":"91.056","Quantity":"6","Discount":"20","Profit":"31.8696"},{"Row ID":"9566","Order ID":"CA-2011-130428","Order Date":"3/31/18","Date":"3/31/18","Ship Mode":"Same Day","Customer ID":"TG-21640","Customer":"Trudy Glocke","Segment":"Consumer","Country":"United States","City":"Tampa","State":"Florida","Postal Code":"33614","Region":"South","Product ID":"FUR-CH-10002965","Category":"Furniture","Sub-Category":"Chairs","Product":"Global Leather Highback Executive Chair with Pneumatic Height Adjustment, Black","Sales":"1125.488","Quantity":"7","Discount":"20","Profit":"98.4802"},{"Row ID":"9567","Order ID":"CA-2011-130428","Order Date":"3/31/18","Date":"3/31/18","Ship Mode":"Same Day","Customer ID":"TG-21640","Customer":"Trudy Glocke","Segment":"Consumer","Country":"United States","City":"Tampa","State":"Florida","Postal Code":"33614","Region":"South","Product ID":"OFF-BI-10001636","Category":"Office Supplies","Sub-Category":"Binders","Product":"Ibico Plastic and Wire Spiral Binding Combs","Sales":"12.645","Quantity":"5","Discount":"70","Profit":"-10.116"},{"Row ID":"9568","Order ID":"CA-2011-130428","Order Date":"3/31/18","Date":"3/31/18","Ship Mode":"Same Day","Customer ID":"TG-21640","Customer":"Trudy Glocke","Segment":"Consumer","Country":"United States","City":"Tampa","State":"Florida","Postal Code":"33614","Region":"South","Product ID":"OFF-AR-10004027","Category":"Office Supplies","Sub-Category":"Art","Product":"Binney & Smith inkTank Erasable Desk Highlighter, Chisel Tip, Yellow, 12/Box","Sales":"4.032","Quantity":"2","Discount":"20","Profit":"1.0584"},{"Row ID":"9586","Order ID":"CA-2013-160598","Order Date":"8/27/20","Date":"8/29/20","Ship Mode":"First Class","Customer ID":"SV-20815","Customer":"Stuart Van","Segment":"Corporate","Country":"United States","City":"Miami","State":"Florida","Postal Code":"33142","Region":"South","Product ID":"OFF-PA-10002319","Category":"Office Supplies","Sub-Category":"Paper","Product":"Xerox 1944","Sales":"31.008","Quantity":"1","Discount":"20","Profit":"11.2404"},{"Row ID":"9770","Order ID":"CA-2013-123533","Order Date":"11/25/20","Date":"12/1/20","Ship Mode":"Standard Class","Customer ID":"SC-20050","Customer":"Sample Company A","Segment":"Office","Country":"United States","City":"Hialeah","State":"Florida","Postal Code":"33012","Region":"South","Product ID":"FUR-BO-10001619","Category":"Furniture","Sub-Category":"Bookcases","Product":"O'Sullivan Cherrywood Estates Traditional Bookcase","Sales":"339.92","Quantity":"5","Discount":"20","Profit":"8.498"},{"Row ID":"9771","Order ID":"CA-2013-123533","Order Date":"11/25/20","Date":"12/1/20","Ship Mode":"Standard Class","Customer ID":"SC-20050","Customer":"Sample Company A","Segment":"Office","Country":"United States","City":"Hialeah","State":"Florida","Postal Code":"33012","Region":"South","Product ID":"OFF-PA-10001609","Category":"Office Supplies","Sub-Category":"Paper","Product":"Tops Wirebound Message Log Books","Sales":"10.528","Quantity":"4","Discount":"20","Profit":"3.4216"},{"Row ID":"9772","Order ID":"CA-2013-123533","Order Date":"11/25/20","Date":"12/1/20","Ship Mode":"Standard Class","Customer ID":"SC-20050","Customer":"Sample Company A","Segment":"Office","Country":"United States","City":"Hialeah","State":"Florida","Postal Code":"33012","Region":"South","Product ID":"OFF-AP-10002765","Category":"Office Supplies","Sub-Category":"Appliances","Product":"Fellowes Advanced Computer Series Surge Protectors","Sales":"42.384","Quantity":"2","Discount":"20","Profit":"4.2384"},{"Row ID":"9806","Order ID":"CA-2013-136322","Order Date":"10/22/20","Date":"10/27/20","Ship Mode":"Standard Class","Customer ID":"AP-10720","Customer":"Anne Pryor","Segment":"Office","Country":"United States","City":"Fort Lauderdale","State":"Florida","Postal Code":"33311","Region":"South","Product ID":"FUR-FU-10002878","Category":"Furniture","Sub-Category":"Furnishings","Product":"Seth Thomas 14\" Day/Date Wall Clock","Sales":"45.568","Quantity":"2","Discount":"20","Profit":"9.6832"},{"Row ID":"9807","Order ID":"CA-2013-136322","Order Date":"10/22/20","Date":"10/27/20","Ship Mode":"Standard Class","Customer ID":"AP-10720","Customer":"Anne Pryor","Segment":"Office","Country":"United States","City":"Fort Lauderdale","State":"Florida","Postal Code":"33311","Region":"South","Product ID":"OFF-BI-10004817","Category":"Office Supplies","Sub-Category":"Binders","Product":"GBC Personal VeloBind Strips","Sales":"28.752","Quantity":"8","Discount":"70","Profit":"-21.0848"},{"Row ID":"9816","Order ID":"CA-2012-162201","Order Date":"6/8/19","Date":"6/12/19","Ship Mode":"Standard Class","Customer ID":"AG-10495","Customer":"Andrew Gjertsen","Segment":"Corporate","Country":"United States","City":"Saint Petersburg","State":"Florida","Postal Code":"33710","Region":"South","Product ID":"OFF-PA-10002581","Category":"Office Supplies","Sub-Category":"Paper","Product":"Xerox 1951","Sales":"173.488","Quantity":"7","Discount":"20","Profit":"54.215"},{"Row ID":"9817","Order ID":"CA-2012-162201","Order Date":"6/8/19","Date":"6/12/19","Ship Mode":"Standard Class","Customer ID":"AG-10495","Customer":"Andrew Gjertsen","Segment":"Corporate","Country":"United States","City":"Saint Petersburg","State":"Florida","Postal Code":"33710","Region":"South","Product ID":"OFF-ST-10000046","Category":"Office Supplies","Sub-Category":"Storage","Product":"Fellowes Super Stor/Drawer Files","Sales":"516.96","Quantity":"4","Discount":"20","Profit":"-6.462"},{"Row ID":"9818","Order ID":"CA-2012-162201","Order Date":"6/8/19","Date":"6/12/19","Ship Mode":"Standard Class","Customer ID":"AG-10495","Customer":"Andrew Gjertsen","Segment":"Corporate","Country":"United States","City":"Saint Petersburg","State":"Florida","Postal Code":"33710","Region":"South","Product ID":"FUR-FU-10001185","Category":"Furniture","Sub-Category":"Furnishings","Product":"Advantus Employee of the Month Certificate Frame, 11 x 13-1/2","Sales":"173.208","Quantity":"7","Discount":"20","Profit":"45.4671"},{"Row ID":"9819","Order ID":"CA-2012-162201","Order Date":"6/8/19","Date":"6/12/19","Ship Mode":"Standard Class","Customer ID":"AG-10495","Customer":"Andrew Gjertsen","Segment":"Corporate","Country":"United States","City":"Saint Petersburg","State":"Florida","Postal Code":"33710","Region":"South","Product ID":"OFF-AR-10003856","Category":"Office Supplies","Sub-Category":"Art","Product":"Newell 344","Sales":"4.448","Quantity":"2","Discount":"20","Profit":"0.3336"},{"Row ID":"9820","Order ID":"CA-2012-162201","Order Date":"6/8/19","Date":"6/12/19","Ship Mode":"Standard Class","Customer ID":"AG-10495","Customer":"Andrew Gjertsen","Segment":"Corporate","Country":"United States","City":"Saint Petersburg","State":"Florida","Postal Code":"33710","Region":"South","Product ID":"OFF-LA-10001982","Category":"Office Supplies","Sub-Category":"Labels","Product":"Smead Alpha-Z Color-Coded Name Labels First Letter Starter Set","Sales":"9","Quantity":"3","Discount":"20","Profit":"3.15"},{"Row ID":"9821","Order ID":"CA-2012-162201","Order Date":"6/8/19","Date":"6/12/19","Ship Mode":"Standard Class","Customer ID":"AG-10495","Customer":"Andrew Gjertsen","Segment":"Corporate","Country":"United States","City":"Saint Petersburg","State":"Florida","Postal Code":"33710","Region":"South","Product ID":"OFF-PA-10001215","Category":"Office Supplies","Sub-Category":"Paper","Product":"Xerox 1963","Sales":"42.24","Quantity":"10","Discount":"20","Profit":"13.2"},{"Row ID":"9822","Order ID":"CA-2012-162201","Order Date":"6/8/19","Date":"6/12/19","Ship Mode":"Standard Class","Customer ID":"AG-10495","Customer":"Andrew Gjertsen","Segment":"Corporate","Country":"United States","City":"Saint Petersburg","State":"Florida","Postal Code":"33710","Region":"South","Product ID":"OFF-BI-10002429","Category":"Office Supplies","Sub-Category":"Binders","Product":"Premier Elliptical Ring Binder, Black","Sales":"18.264","Quantity":"2","Discount":"70","Profit":"-13.3936"},{"Row ID":"9990","Order ID":"CA-2011-110422","Order Date":"1/22/18","Date":"1/24/18","Ship Mode":"Second Class","Customer ID":"TB-21400","Customer":"Tom Boeckenhauer","Segment":"Consumer","Country":"United States","City":"Miami","State":"Florida","Postal Code":"33180","Region":"South","Product ID":"FUR-FU-10001889","Category":"Furniture","Sub-Category":"Furnishings","Product":"Ultra Door Pull Handle","Sales":"25.248","Quantity":"3","Discount":"20","Profit":"4.1028"}]